@article{Arino2010,
  author = {Arino, O. and Perez, J. R. and Kalogirou, V. and Defourny, P. and Achard, F.},
  title = {{GlobCover} 2009},
  year = 2010,
  journal = {ESA Living Planet Symposium},
  volume = {},
  number = {},
  pages = {1--3},
}
@article{Baptista2019,
  author = {Baptista, N. L. and Ant\'{o}nio, T. and Branch, W. R.},
  title = {The herpetofauna of {Bicuar National Park} and surroundings, southwestern {Angola}: a preliminary checklist},
  year = 2019,
  journal = {Amhibian and Reptile Conservation},
  volume = {13},
  number = {2},
  pages = {96--130},
  FILE = {~/Documents/papers/baptista_2019.pdf}
}
@report{Barbosa1970,
  author = {Barbosa, L. A. G.},
  title = {Carta Fitogeogr\'{a}fica de {Angola}},
  organization = {Instituto de Investiga\c{c}\~{a}o Cient\'{i}fica de Angola},
  address = {Luanda, Angola},
  year = 1970
}
@article{Barry2019,
  doi = {10.1016/j.tree.2018.10.013},
  year = 2019,
  volume = {34},
  number = {2},
  pages = {167--180},
  author = {K. E. Barry and L. Mommer and J. {van Ruijven} and C. Wirth and A. J. Wright and Y. Bai and J. Connolly and G. B. {De Deyn} and H. {de Kroon} and F. Isbell and A. Milcu and C. Roscher and M. Scherer-Lorenzen and B. Schmid and A. Weigelt},
  title = {The Future of Complementarity: Disentangling Causes from Consequences},
  journal = {Trends in Ecology {\&} Evolution}
}
@article{Batjes2017,
  doi = {10.5194/essd-9-1-2017},
  year = 2017,
  volume = {9},
  number = {1},
  pages = {1--14},
  author = {Niels H. Batjes and Eloi Ribeiro and Ad van Oostrum and Johan Leenaars and Tom Hengl and Jorge Mendes de Jesus},
  title = {{WoSIS}: providing standardised soil profile data for the world},
  journal = {Earth System Science Data}
}
@inbook{Beja2019,
  editor = {Huntley, B. J. and Lages, F. and Russo, V. and Ferrand, N.},
  author = {Beja, P. and Pinto, P. V. and Ver\'{i}ssimo, L. and Bersacola, E. and Fabiano, E. and Palmeirim, J. M. and Monadjem, A. and Monterroso, P. and Scensson, M. S. and Taylor, P. J.},
  title = {The mammals of {Angola}},
  booktitle = {Biodiversity of Angola},
  year = 2019,
  pages = {357--444},
  publisher = {Springer},
  address = {Cham, Switzerland}
}
@article{Catarino2020,
  doi = {10.3390/d12080307},
  year = 2020,
  volume = {12},
  number = {8},
  pages = {307},
  author = {Silvia Catarino and Maria Manuel Romeiras and Rui Figueira and Valentine Aubard and Jo{\~{a}}o M. N. Silva and Jos{\'{e}} M. C. Pereira},
  title = {Spatial and Temporal Trends of Burnt Area in {Angola}: Implications for Natural Vegetation and Protected Area Management},
  journal = {Diversity}
}
@article{Chisingui2018,
  doi = {10.7809/b-e.00355},
  year = 2018,
  volume = {6},
  pages = {426--437},
  author = {Ant{\'{o}}nio Valter Chisingui and Francisco M. P. Gon{\c{c}}alves and Jos{\'{e}} Jo{\~{a}}o Tchamba and Jos{\'{e}} Cam{\^{o}}ngua Lu\'{i}s and Marina Filomena F. Rafael and Jos{\'{e}} L. M. Alexandre},
  title = {Vegetation survey of the woodlands of Hu{\'{i}la Province}},
  journal = {Biodiversity {\&} Ecology}
}
@article{Conradi2020,
  doi = {10.1111/nph.16580},
  year = 2020,
  volume = {227},
  number = {5},
  pages = {1294--1306},
  author = {T. Conradi and J. A. Slingsby and G. F. Midgley and H. Nottebrock and A. H. Schweiger and S. I. Higgins},
  title = {An operational definition of the biome for global change research},
  journal = {New Phytologist}
}
@article{Droissart2018,
  author = {Droissart, V. and Dauby, G. and Hardy, O. J. and Deblauwe, V. and Harris, D. J. and Janssens, S. and Mackinder, B. A. and {Blach-Overgaard}, A. and Sonk{\'e}, B. and Sosef, M. S. M. and St{\'e}vart, T. and Svenning, J. and Wieringa, J. J. and Couvreur, T. L. P.},
  title = {Beyond trees: {Biogeographical} regionalization of tropical {Africa}},
  year = 2018,
  journal = {Journal of Biogeography},
  volume = {45},
  number = {},
  pages = {1153--1167},
  DOI = { http://dx.doi.org/10.1111/jbi.13190 }
}
@online{ESACCI,
  author = {{ESA}},
  title = {{Land Cover CCI Product User Guide Version 2. Tech. Rep.}},
  year = 2017,
  url = {maps.elie.ucl.ac.be/CCI/viewer/download/ESACCI-LC-Ph2-PUGv2_2.0.pdf},
  urldate = {2021-05-20}
}
@report{FAO2015,
  author = {{FAO}},
  title = {Southern {Africa's} frests and people: {Investing} in a sustainable future: {Successes}, challenges and ways forward},
  publisher = {Food and Agriculture Organization of the United Nations},
  year = 2015
}
@article{Fick2017,
  author = {Fick, S. E. and Hijmans, R. J.},
  title = {{WorldClim} 2: {New} 1‚Äêkm spatial resolution climate surfaces for global land areas},
  year = 2017,
  journal = {International Journal of Climatology},
  volume = {37},
  number = {12},
  pages = {4302--4315},
  DOI = { http://dx.doi.org/10.1002/joc.5086 }
}
@inbook{Frost1996,
  address = {Bogor, Indonesia},
  author = {Frost, P.},
  year = 1996,
  booktitle = {The miombo in transition: woodlands and welfare in Africa},
  editor = {Campbell, B.M.},
  pages = {11--55},
  publisher = {Center for International Forestry Research},
  title = {The ecology of miombo woodlands}
}
@article{Giannecchini2007,
  author = {Giannecchini, M. and Twine, W. and Vogel, C.},
  title = {Land-cover change and human-environment interations in a rural cultural landscape in {South Africa}},
  year = 2007,
  journal = {The Geographical Journal},
  volume = {173},
  number = {1},
  pages = {26--42},
  DOI = { http://dx.doi.org/10.1111/j.1475-4959.2007.00227.x }
}
@article{Hansen2013,
  doi = {10.1126/science.1244693},
  year = 2013,
  volume = {342},
  number = {6160},
  pages = {850--853},
  author = {M. C. Hansen and P. V. Potapov and R. Moore and M. Hancher and S. A. Turubanova and A. Tyukavina and D. Thau and S. V. Stehman and S. J. Goetz and T. R. Loveland and A. Kommareddy and A. Egorov and L. Chini and C. O. Justice and J. R. G. Townshend},
  title = {High-Resolution Global Maps of 21st-Century Forest Cover Change},
  journal = {Science}
}
@article{Hartemink2008,
  doi = {10.1080/15324980801957689},
  year = 2008,
  volume = {22},
  number = {2},
  pages = {134--147},
  author = {Alfred E. Hartemink and Jan Huting},
  title = {Land Cover, Extent, and Properties of Arenosols in Southern Africa},
  journal = {Arid Land Research and Management}
}
@article{Hempson2017,
  doi = {10.1038/s41598-017-17348-4},
  url = {https://doi.org/10.1038%2Fs41598-017-17348-4},
  year = 2017,
  month = {dec},
  volume = {7},
  number = {1},
  author = {Gareth P. Hempson and Sally Archibald and William J. Bond},
  title = {The consequences of replacing wildlife with livestock in {Africa}},
  journal = {Scientific Reports}
}
@article{Hengl2017,
  author = {Hengl, T. and {Mendes de Jesus}, J. and Heuvelink, G. B. M. and Gonzalez, M. R. and Kilibarda, M. and Blagoti{\'c}, A. and Shangguan, W. and Wright, M. N. and Geng, X. and {Bauer-Marschallinger}, B. and Guevara, M. A. and Vargas, R. and MacMillan, R. A. and Batjes, N. H. and Leenaars, J. G. B. and Ribeiro, E. and Wheeler, I. and Mantel, S. and Kempen, B.},
  title = {SoilGrids250m: global gridded soil information based on machine learning},
  year = 2017,
  journal = {PLoS ONE},
  volume = {12},
  number = {2},
  pages = {1--40},
  DOI = { http://dx.doi.org/10.1371/journal. pone.0169748 }
}
@article{Huete2002,
  doi = {10.1016/s0034-4257(02)00096-2},
  year = 2002,
  volume = {83},
  number = {1-2},
  pages = {195--213},
  author = {A Huete and K Didan and T Miura and E.P Rodriguez and X Gao and L.G Ferreira},
  title = {Overview of the radiometric and biophysical performance of the {MODIS} vegetation indices},
  journal = {Remote Sensing of Environment}
}
@book{Huntley2019,
  editor = {Huntley, B. J. and Lages, F. and Russo, V. and Ferrand, N.},
  author = {},
  title = {Biodiversity of {Angola}: {Science} \& conservation: {A} modern synthesis},
  year = 2019,
  publisher = {Springer},
  address = {Cham, Switzerland},
  DOI = { http://dx.doi.org/10.1007/978-3-030-03083-4 },
  isbn = {9783030030827}
}
@manual{IMERG,
  author = {Huffman, G. J. and Stocker, E. F. and Bolvin, D.T. and Nelkin, E. J. and Jackson Tan},
  title = {{GPM IMERG Final Precipitation L3 1 day 0.1 degree x 0.1 degree V06 [Data set]}},
  year = 2015,
  doi = {10.5067/MODIS/MOD13Q1.006},
  organization = {Goddard Earth Sciences Data and Information Services Center (GES DISC)}
}
@article{Jew2016,
  author = {Jew, E. K. K. and Dougill, A. J. . and Sallu, S. M. and O'Connell, J. and Benton, T. G.},
  title = {Miombo woodland under threat: Consequences for tree diversity and carbon storage},
  year = 2016,
  journal = {Forest Ecology and Management},
  volume = {361},
  number = {February},
  pages = {144--153},
  DOI = { http://dx.doi.org/10.1016/j.foreco.2015.11.011 }
}
@book{Jones2013,
  editor = {Jones, A. and Breuning-Madsen, H. and Brossard, M. and Dampha, A. and Deckers, J. and Dewitte, O. and Hallett, S. and Jones, R. and Kilasara, M. and {Le Roux}, P. and Micheli, E. and Montanarella, L. and Spaargaren, O. and Tahar, G. and Thiombiano, L. and Van Ranst, E. and Yemefack, M. and Zougmore, R.},
  title = {Soil atlas of {Africa}},
  year = 2013,
  publisher = {European Commission},
  address = {Luxembourg, Luxembourg}
}
@article{Jucker2015,
  doi = {10.1111/1365-2435.12428},
  year = 2015,
  volume = {29},
  number = {8},
  pages = {1078--1086},
  author = {T. Jucker and O. Bouriaud and D. A. Coomes},
  title = {Crown plasticity enables trees to optimize canopy packing in mixed-species forests},
  journal = {Functional Ecology}
}
@article{Kalema2015,
  author = {Kalema, V. N. and Witkowski, E. T. F. and Erasmus, B. F. N. and Mwavu, E. N.},
  title = {The impacts of changes in land use on woodlands in an equatorial {African} savanna},
  year = 2015,
  journal = {Land Degradation and Development},
  volume = {26},
  number = {7},
  pages = {632--641},
  DOI = { http://dx.doi.org/10.1002/ldr.2279 }
}
@article{Liang2016,
  doi = {10.1126/science.aaf8957},
  year = 2016,
  volume = {354},
  number = {6309},
  pages = {aaf8957--aaf8957},
  author = {J. Liang and T. W. Crowther and N. Picard and S. Wiser and M. Zhou and G. Alberti and E.-D. Schulze and A. D. McGuire and F. Bozzato and H. Pretzsch and S. de-Miguel and A. Paquette and B. Herault and M. Scherer-Lorenzen and C. B. Barrett and H. B. Glick and G. M. Hengeveld and G.-J. Nabuurs and S. Pfautsch and H. Viana and A. C. Vibrans and C. Ammer and P. Schall and D. Verbyla and N. Tchebakova and M. Fischer and J. V. Watson and H. Y. H. Chen and X. Lei and M.-J. Schelhaas and H. Lu and D. Gianelle and E. I. Parfenova and C. Salas and E. Lee and B. Lee and H. S. Kim and H. Bruelheide and D. A. Coomes and D. Piotto and T. Sunderland and B. Schmid and S. Gourlet-Fleury and B. Sonke and R. Tavani and J. Zhu and S. Brandl and J. Vayreda and F. Kitahara and E. B. Searle and V. J. Neldner and M. R. Ngugi and C. Baraloto and L. Frizzera and R. Ba~azy and J. Oleksyn and T. Zawi~a-Nied~wiecki and O. Bouriaud and F. Bussotti and L. Finer and B. Jaroszewicz and T. Jucker and F. Valladares and A. M. Jagodzinski and P. L. Peri and C. Gonmadje and W. Marthy and T. OBrien and E. H. Martin and A. R. Marshall and F. Rovero and R. Bitariho and P. A. Niklaus and P. Alvarez-Loayza and N. Chamuya and R. Valencia and F. Mortier and V. Wortel and N. L. Engone-Obiang and L. V. Ferreira and D. E. Odeke and R. M. Vasquez and S. L. Lewis and P. B. Reich},
  title = {Positive biodiversity-productivity relationship predominant in global forests},
  journal = {Science}
}
@article{Linard2012,
  doi = {10.1371/journal.pone.0031743},
  year = 2012,
  volume = {7},
  number = {2},
  pages = {e31743},
  author = {Catherine Linard and Marius Gilbert and Robert W. Snow and Abdisalan M. Noor and Andrew J. Tatem},
  title = {Population Distribution, Settlement Patterns and Accessibility across Africa in 2010},
  journal = {{PLoS} {ONE}}
}
@article{Linder2001,
  author = {Linder, H. P.},
  title = {Plant diversity and endemism in {sub-Saharan} tropical {Africa}},
  year = 2001,
  journal = {Journal of Biogeography},
  volume = {28},
  number = {},
  pages = {169--182},
  DOI = { http://dx.doi.org/10.1046/j.1365-2699.2001.00527.x }
}
@article{Loiola2015,
  doi = {10.1016/j.foreco.2015.01.014},
  year = 2015,
  volume = {342},
  pages = {49--55},
  author = {Priscilla P. Loiola and Michael Scherer-Lorenzen and Marco Ant{\^{o}}nio Batalha},
  title = {The role of environmental filters and functional traits in predicting the root biomass and productivity in savannas and tropical seasonal forests},
  journal = {Forest Ecology and Management}
}
@manual{MCD64A1, 
  title = {{MCD64A1 MODIS/Terra+Aqua Burned Area Monthly L3 Global 500m SIN Grid V006} [Data set]},
  author = {Giglio, L. and Justice, C. and Boschetti, L. and Roy, D.},
  year = 2015,
  organization = {NASA EOSDIS Land Processes DAAC. [Accessed 2020-04-20]}
}
@manual{MOD13Q1,
  author = {Didan, L.},
  title = {{MOD13Q1 MODIS/Terra Vegetation Indices 16-Day L3 Global 250m SIN Grid V006 [Data set]}},
  year = {2015},
  doi = {10.5067/MODIS/MOD13Q1.006},
  organization = {NASA EOSDIS Land Processes DAAC}
}
@article{McNicol2018,
  author = {McNicol, I. M. and Ryan, C. M. and Dexter, K. G. and Ball, S. M. J. and Williams, M.},
  title = {Aboveground carbon storage and its links to stand structure, tree diversity and floristic composition in south-eastern {Tanzania}},
  year = 2018,
  journal = {Ecosystems},
  volume = {21},
  pages = {740--754},
  FILE = {~/Documents/papers/mcnicol_2018.pdf},
  DOI = { 10.1007/s10021-017-0180-6 }
}
@article{Meijer2018,
  doi = {10.1088/1748-9326/aabd42},
  year = 2018,
  volume = {13},
  number = {6},
  pages = {064006},
  author = {Johan R Meijer and Mark A J Huijbregts and Kees C G J Schotten and Aafke M Schipper},
  title = {Global patterns of current and future road infrastructure},
  journal = {Environmental Research Letters}
}
@inbook{Mendelsohn2019,
  editor = {Huntley, B. J. and Lages, F. and Russo, V. and Ferrand, N.},
  author = {Mendelsohn, J. M.},
  title = {Landscape changes in {Angola}},
  booktitle = {Biodiversity of Angola},
  year = 2019,
  pages = {123--137},
  address = {Cham, Switzerland}
}
@article{Mensah2020,
  doi = {10.1111/1365-2435.13585},
  year = 2020,
  volume = {34},
  number = {8},
  pages = {1731--1745},
  author = {Sylvanus Mensah and Val{\`{e}}re K. Salako and Thomas Seifert},
  title = {Structural complexity and large-sized trees explain shifting species richness and carbon relationship across vegetation types},
  journal = {Functional Ecology}
}
@article{Midgley2011,
  author = {Midgley, G. F. and Thuiller, W.},
  title = {Potential responses of terrestrial biodiversity in southern {Africa} to anthropogenic climate change},
  year = 2011,
  journal = {Regional Environmental Change},
  volume = {11},
  number = {},
  pages = {127-135},
  DOI = { http://dx.doi.org/10.1007/s10113-010-0191-8 }
}
@report{Ministerio2006,
  title={National Biodiversity Strategy and Action Plan (2007‚Äì2012)},
  author={{Minist\`{e}rio do Urbanismo e Ambiente}},
  publisher={{Minist\`{e}rio do Urbanismo e Ambiente, Rep\`{u}blica de Angola}},
  address = {Luanda, Angola},
  year={2006}
}
@report{Mukosha2009,
  title={Integrated land use assessment Zambia 2005--2008},
  author={Mukosha, J and Siampale, A},
  publisher={Ministry of Tourism, Environment and Natural Resources, Forestry Department, and Food and Agriculture Organization of the United Nations},
  address = {Lusaka, Zambia},
  year={2009}
}
@article{Oehri2020,
  doi = {10.1371/journal.pone.0233104},
  year = 2020,
  volume = {15},
  number = {5},
  pages = {e0233104},
  author = {Jacqueline Oehri and Marvin B√ºrgin and Bernhard Schmid and Pascal A. Niklaus},
  title = {Local and landscape-level diversity effects on forest functioning},
  journal = {{PLOS} {ONE}}
}
@report{Overton2016,
  author = {Overton, J. and Fernandes, S. and Elizalde, D. and Groom, R. and Funston, P.},
  title = {A large mammal survey of {Bicuar} and {Mupa} {National} {Parks}, {Angola}. {With} special emphasis on the presence and status of cheetah and {African} wild dogs},
  publisher = {National Institute of Biodiversity and Conservation Areas/Range Wide Conservation Program for Cheetah and African Wild Dogs},
  address = {Luanda, Angola},
  year = 2016
}  
@article{Penuelas2009,
  doi = {10.1126/science.1173004},
  year = 2009,
  volume = {324},
  number = {5929},
  pages = {887--888},
  author = {J. Penuelas and T. Rutishauser and I. Filella},
  title = {Phenology Feedbacks on Climate Change},
  journal = {Science}
}
@article{Plas2019,
  doi = {10.1111/brv.12499},
  year = 2019,
  author = {Fons van der Plas},
  title = {Biodiversity and ecosystem functioning in naturally assembled communities},
  journal = {Biological Reviews}
}
@article{Potapov2017,
  doi = {10.1126/sciadv.1600821},
  year = 2017,
  volume = {3},
  number = {1},
  pages = {e1600821},
  author = {Peter Potapov and Matthew C. Hansen and Lars Laestadius and Svetlana Turubanova and Alexey Yaroshenko and Christoph Thies and Wynet Smith and Ilona Zhuravleva and Anna Komarova and Susan Minnemeyer and Elena Esipova},
  title = {The last frontiers of wilderness: Tracking loss of intact forest landscapes from 2000 to 2013},
  journal = {Science Advances}
}
@online{Ritchie2018,
    author = {Hannah Ritchie and Max Roser},
    title = {Urbanization},
    journal = {Our World in Data},
    year = {2018},
    url = {https://ourworldindata.org/urbanization},
    urldate = {2021-05-15}
}
@article{Roder2015,
  doi = {10.1016/j.landusepol.2014.08.008},
  year = 2015,
  volume = {42},
  pages = {340--354},
  author = {Achim R\"{o}der and Michael Pr\"{o}pper and Marion Stellmes and Anne Schneibel and Joachim Hill},
  title = {Assessing urban growth and rural land use transformations in a cross-border situation in Northern Namibia and Southern {Angola}},
  journal = {Land Use Policy}
}
@article{Ryan2016,
  doi = {10.1111/nph.14262},
  year = 2016,
  volume = {213},
  number = {2},
  pages = {625--633},
  author = {Casey M. Ryan and Mathew Williams and John Grace and Emily Woollen and Caroline E. R. Lehmann},
  title = {Pre-rain green-up is ubiquitous across southern tropical Africa: implications for temporal niche separation and model representation},
  journal = {New Phytologist}
}
@article{Ryan2020,
  doi = {10.1002/ppp3.10168},
  year = 2020,
  title = {A network to understand the changing socio-ecology of the southern African woodlands ({SEOSAW}): Challenges, benefits, and methods},
  author = {{SEOSAW}},
  journal = {{PLANTS}, {PEOPLE}, {PLANET}}
}
@article{Scholze2006,
	Author = {Scholze, Marko and Knorr, Wolfgang and Arnell, Nigel W and Prentice, I Colin},
	Doi = {10.1073/pnas.0601816103},
	Issn = {0027-8424},
	Journal = {Proceedings of the National Academy of Sciences of the United States of America},
	Number = {35},
	Pages = {13116--13120},
	Title = {{A climate-change risk analysis for world ecosystems.}},
	Volume = {103},
	Year = {2006}
}
@article{Shaw2002,
  doi = {10.1080/03736245.2002.9713769},
  year = 2002,
  volume = {84},
  number = {2},
  pages = {182--194},
  author = {A. I. Shaw and A. S. Goudie},
  title = {Geomorphological evidence for the extension of the {mega-Kalahari} into south-central {Angola}},
  journal = {South African Geographical Journal}
}
@article{Shirima2015,
  doi = {10.1016/j.baae.2014.11.008},
  year = 2015,
  volume = {16},
  number = {3},
  pages = {239--249},
  author = {Deo D. Shirima and {\O}rjan Totland and Pantaleo K.T. Munishi and Stein R. Moe},
  title = {Relationships between tree species richness, evenness and aboveground carbon storage in montane forests and miombo woodlands of Tanzania},
  journal = {Basic and Applied Ecology}
}
@book{Simoes1971,
  author = {Sim\~{o}es, A. P.},
  title = {Considera\c{c}\~{o}es acerca de Algumas Zonas de Protec\c{c}\~{a}o da Fauna, Flora e Solo de {Angola}.},
  year = 1971,
  publisher = {Instituto de Investiga\c{c}\~{a}o Cient\'{i}fica de Angola},
  address = {Luanda, Angola}
}
@article{Sitch2015,
  doi = {10.5194/bg-12-653-2015},
  year = 2015,
  volume = {12},
  number = {3},
  pages = {653--679},
  author = {S. Sitch and P. Friedlingstein and N. Gruber and S. D. Jones and G. Murray-Tortarolo and A. Ahlstr√∂m and S. C. Doney and H. Graven and C. Heinze and C. Huntingford and S. Levis and P. E. Levy and M. Lomas and B. Poulter and N. Viovy and S. Zaehle and N. Zeng and A. Arneth and G. Bonan and L. Bopp and J. G. Canadell and F. Chevallier and P. Ciais and R. Ellis and M. Gloor and P. Peylin and S. L. Piao and C. Le Qu{\'{e}}r{\'{e}} and B. Smith and Z. Zhu and R. Myneni},
  title = {Recent trends and drivers of regional sources and sinks of carbon dioxide},
  journal = {Biogeosciences}
}
@book{Solbrig1996,
  author = {Solbrig, O. T. and Medina, E. and Silva, J. F.},
  title = {Biodiversity and Savanna Ecosystem Processes},
  year = 1996,
  publisher = {Springer-Verlag},
  address = {Berlin, Germany}
}
@report{Teixeira1968,
  author = {Teixeira, J. B.},
  title = {Parque Nacional do Bicuar. Carta da Vegeta\c{c}\~{a}o (1 approxima\c{c}\~{a}o) e Mem\'{o}ria Descritiva},
  publisher = {Instituto de Investiga\c{c}\~{a}o Agron\'{o}mica de Angola},
  address = {Nova Lisboa, Angola},
  year = 1968
}
@article{Tilman2014,
  author = {Tilman, D. and Isbell, F. and Cowles, J. M.},
  title = {Biodiversity and Ecosystem Functioning},
  year = 2014,
  journal = {Annual Review of Ecology, Evolution, and Systematics},
  volume = {45},
  number = {},
  pages = {471-493},
  DOI = { http://dx.doi.org/10.1146/annurev-ecolsys-120213-091917 }
}
@book{White1983,
  author = {White, F.},
  title = {The Vegetation of {Africa}: {A} descriptive memoir to accompany the {UNESCO/AETFAT/UNSO} vegetation map of {Africa.}},
  year = 1983,
  publisher = {UNESCO},
  address = {Paris, France},
  DOI = { http://dx.doi.org/10.2307/2260340 }
}
@article{Xia2015,
  doi = {10.1073/pnas.1413090112},
  year = 2015,
  volume = {112},
  number = {9},
  pages = {2788--2793},
  author = {Jianyang Xia and Shuli Niu and Philippe Ciais and Ivan A. Janssens and Jiquan Chen and Christof Ammann and Altaf Arain and Peter D. Blanken and Alessandro Cescatti and Damien Bonal and Nina Buchmann and Peter S. Curtis and Shiping Chen and Jinwei Dong and Lawrence B. Flanagan and Christian Frankenberg and Teodoro Georgiadis and Christopher M. Gough and Dafeng Hui and Gerard Kiely and Jianwei Li and Magnus Lund and Vincenzo Magliulo and Barbara Marcolla and Lutz Merbold and Leonardo Montagnani and Eddy J. Moors and J{\o}rgen E. Olesen and Shilong Piao and Antonio Raschi and Olivier Roupsard and Andrew E. Suyker and Marek Urbaniak and Francesco P. Vaccari and Andrej Varlagin and Timo Vesala and Matthew Wilkinson and Ensheng Weng and Georg Wohlfahrt and Liming Yan and Yiqi Luo},
  title = {Joint control of terrestrial gross primary productivity by plant phenology and physiology},
  journal = {Proceedings of the National Academy of Sciences}
}
@article{Harris2013,
	doi = {10.1002/joc.3711},
	url = {https://doi.org/10.1002%2Fjoc.3711},
	year = 2013,
	month = {may},
	publisher = {Wiley},
	volume = {34},
	number = {3},
	pages = {623--642},
	author = {I. Harris and P.D. Jones and T.J. Osborn and D.H. Lister},
	title = {Updated high-resolution grids of monthly climatic observations - the {CRU} {TS}3.10 Dataset}
}

@article{Bowman2007,
  author = {Bowman, K. P. and Hong, Y. and Stocker, E. F. and Wol, D. B.},
  title = {TRMM multi-satellite precipitation analysis: Quasi-global, multi-year, combined-sensor precipitation estimates at finescale},
  year = 2007,
  journal = {Journal of Hydrometeorology},
  volume = {8},
  number = {},
  pages = {28--55}
}

@article{Dassot2011,
	doi = {10.1007/s13595-011-0102-2},
	url = {https://doi.org/10.1007%2Fs13595-011-0102-2},
	year = 2011,
	month = {jul},
	publisher = {Springer Science and Business Media {LLC}},
	volume = {68},
	number = {5},
	pages = {959--974},
	author = {Mathieu Dassot and Thi{\'{e}}ry Constant and Meriem Fournier},
	title = {The use of terrestrial {LiDAR} technology in forest science: application fields, benefits and challenges}
}

@article{Xiao2019,
	doi = {10.1016/j.rse.2019.111383},
	url = {https://doi.org/10.1016%2Fj.rse.2019.111383},
	year = 2019,
	month = {nov},
	publisher = {Elsevier {BV}},
	volume = {233},
	pages = {111383},
	author = {Jingfeng Xiao and Frederic Chevallier and Cecile Gomez and Luis Guanter and Jeffrey A. Hicke and Alfredo R. Huete and Kazuhito Ichii and Wenjian Ni and Yong Pang and Abdullah F. Rahman and Guoqing Sun and Wenping Yuan and Li Zhang and Xiaoyang Zhang},
	title = {Remote sensing of the terrestrial carbon cycle: A review of advances over 50 years}
}
