@article{Adams2004,
	Author = {Adams, W. M.},
	Doi = {10.1126/science.1097920},
	Journal = {Science},
	Number = {5699},
	Pages = {1146--1149},
	Title = {{Biodiversity Conservation and the Eradication of Poverty}},
	Volume = {306},
	Year = {2004}
}
@article{Ahlstrom2015,
  doi = {10.1126/science.aaa1668},
  year = 2015,
  volume = {348},
  number = {6237},
  pages = {895--899},
  author = {A. Ahlstrom and M. R. Raupach and G. Schurgers and B. Smith and A. Arneth and M. Jung and M. Reichstein and J. G. Canadell and P. Friedlingstein and A. K. Jain and E. Kato and B. Poulter and S. Sitch and B. D. Stocker and N. Viovy and Y. P. Wang and A. Wiltshire and S. Zaehle and N. Zeng},
  title = {The dominant role of semi-arid ecosystems in the trend and variability of the land {CO}2 sink},
  journal = {Science}
}
@article{Aide1988,
  doi = {10.1038/336574a0},
  year = 1988,
  publisher = {Springer Science and Business Media {LLC}},
  volume = {336},
  number = {6199},
  pages = {574--575},
  author = {T. Mitchell Aide},
  title = {Herbivory as a selective agent on the timing of leaf production in a tropical understory community},
  journal = {Nature}
}
@article{Aleman2016,
  doi = {10.1111/gcb.13299},
  year = 2016,
  volume = {22},
  number = {9},
  pages = {3013--3025},
  author = {Julie C. Aleman and Olivier Blarquez and Carla A. Staver},
  title = {Land-use change outweighs projected effects of changing rainfall on tree cover in sub-Saharan Africa},
  journal = {Global Change Biology}
}
@article{Aleman2020,
  doi = {10.1073/pnas.2011515117},
  year = 2020,
  volume = {117},
  number = {45},
  pages = {28183--28190},
  author = {J. C. Aleman and A. Fayolle and C. Favier and A. C. Staver and K. G. Dexter and C. M. Ryan and A. F. Azihou and D. Bauman and M. te Beest and E. N. Chidumayo and J. A. Comiskey and J. P. G. M. Cromsigt and H. Dessard and J.-L. Doucet and M. Finckh and J.-F. Gillet and S. Gourlet-Fleury and G. P. Hempson and R. M. Holdo and B. Kirunda and F. N. Kouame and G. Mahy and F. Maiato P. Gon{\c{c}}alves and I. McNicol and P. Nieto Quintano and A. J. Plumptre and R. C. Pritchard and R. Revermann and C. B. Schmitt and A. M. Swemmer and H. Talila and E. Woollen and M. D. Swaine},
  title = {Floristic evidence for alternative biome states in tropical Africa},
  journal = {Proceedings of the National Academy of Sciences}
}
@article{Archibald2007,
  doi = {10.1111/j.1654-1103.2007.tb02572.x},
  year = 2007,
  publisher = {Wiley},
  volume = {18},
  number = {4},
  pages = {583--594},
  author = {Archibald, S. and Scholes, R. J.},
  title = {Leaf green-up in a semi-arid African savanna -separating tree and grass responses to environmental cues},
  journal = {Journal of Vegetation Science}
}
@article{Archibald2010,
  doi = {10.1111/j.1466-8238.2010.00568.x},
  year = 2010,
  volume = {19},
  number = {6},
  pages = {794--809},
  author = {S. Archibald and A. Nickless and N. Govender and R. J. Scholes and V. Lehsten},
  title = {Climate and the inter-annual variability of fire in southern Africa: a meta-analysis using long-term field data and satellite-derived burnt area data},
  journal = {Global Ecology and Biogeography}
}
@misc{Archibald2019,
  doi = {10.1002/9781119081111.ch1},
  year = 2019,
  pages = {1--24},
  author = {Sally Archibald and William J. Bond and William Hoffmann and Caroline Lehmann and Carla Staver and Nicola Stevens},
  title = {Distribution and Determinants of Savannas}
}
@article{Arino2010,
	Author = {Arino, Olivier and Perez, Jose Ramos and Kalogirou, Vasileios and Defourny, Pierre and Achard, Frederic},
	Journal = {ESA Living Planet Symposium},
	Number = {1},
	Pages = {1--3},
	Title = {{Globcover 2009}},
	Year = {2010}
}
@article{Asner2009,
  doi = {10.1073/pnas.0810637106},
  year = 2009,
  volume = {106},
  number = {12},
  pages = {4947--4952},
  author = {G. P. Asner and S. R. Levick and T. Kennedy-Bowdoin and D. E. Knapp and R. Emerson and J. Jacobson and M. S. Colgan and R. E. Martin},
  title = {Large-scale impacts of herbivores on the structural diversity of African savannas},
  journal = {Proceedings of the National Academy of Sciences}
}
@article{Augustino2011,
	Author = {Augustino, S. and Hall, J. B. and Makonda, F. B. S. and Ishengoma, R. C.},
	Doi = {10.5897/JMPR10.517},
	Isbn = {1996-0875},
	Journal = {Journal of Medicinal Plants Research},
	Number = {27},
	Title = {{Medicinal Resources of the Miombo woodlands of Urumwa, Tanzania: Plants and its uses}},
	Volume = {5},
	Year = {2011}
}
@article{Baert2018,
  doi = {10.1111/ele.13088},
  year = 2018,
  volume = {21},
  number = {8},
  pages = {1191--1199},
  author = {Jan M. Baert and Nico Eisenhauer and Colin R. Janssen and Frederik De Laender},
  editor = {Johannes Knops},
  title = {Biodiversity effects on ecosystem functioning respond unimodally to environmental stress},
  journal = {Ecology Letters}
}
@article{Balvanera2014,
	Author = {Balvanera, Patricia and Siddique, Ilyas and Dee, Laura and Paquette, Alain and Isbell, Forest and Gonzalez, Andrew and Byrnes, Jarrett and O'Connor, Mary I. and Hungate, Bruce A. and Griffin, John N.},
	Doi = {10.1093/biosci/bit003},
	Isbn = {0006-3568},
	Journal = {BioScience},
	Month = {jan},
	Number = {1},
	Pages = {49--57},
	Title = {{Linking Biodiversity and Ecosystem Services: Current Uncertainties and the Necessary Next Steps}},
	Volume = {64},
	Year = {2014}
}
@article{Bartomeus2013,
	Author = {Bartomeus, Ignasi and Park, Mia G. and Gibbs, Jason and Danforth, Bryan N. and Lakso, Alan N and Winfree, Rachael},
	Doi = {10.1111/ele.12170},
	Journal = {Ecology Letters},
	Number = {11},
	Pages = {1331--1338},
	Title = {{Biodiversity ensures plant-pollinator phenological synchrony against climate change}},
	Volume = {16},
	Year = {2013}
}
@article{Beerling2006,
  doi = {10.1111/j.1365-2486.2006.01239.x},
  year = 2006,
  volume = {12},
  number = {11},
  pages = {2023--2031},
  author = {Beerling, D. J. and Osborne, C. P.},
  title = {The origin of the savanna biome},
  journal = {Global Change Biology}
}
@article{Belsky1994,
	Author = {Belsky, A. Joy},
	Doi = {10.2307/1939416},
	Journal = {Ecology},
	Month = {jun},
	Number = {4},
	Pages = {922--932},
	Title = {{Influences of Trees on Savanna Productivity: Tests of Shade, Nutrients, and Tree-Grass Competition}},
	Volume = {75},
	Year = {1994}
}
@article{Bond2003,
  doi = {10.1086/374191},
  year = 2003,
  volume = {164},
  number = {S3},
  pages = {S103--S114},
  author = {William J. Bond and Jeremy J. Midgley},
  title = {The Evolutionary Ecology of Sprouting in Woody Plants},
  journal = {International Journal of Plant Sciences}
}
@article{Bond2005,
  author = {Bond, W. J. and Keeley, J. E.},
  title = {Fire as a global `herbivore': the ecology and evolution of flammable ecosystems},
  year = 2005,
  journal = {Trends in Ecology and Evolution},
  volume = {20},
  number = {7},
  pages = {387--394},
  DOI = { http://dx.doi.org/10.1016/j.tree.2005.04.025 }
}
@article{Bond2008,
  Author = {Bond, William J.},
  Doi = {10.1146/annurev.ecolsys.39.110707.173411},
  Journal = {Annual Review of Ecology, Evolution, and Systematics},
  Number = {1},
  Pages = {641--659},
  Title = {{What Limits Trees in C4 Grasslands and Savannas?}},
  Volume = {39},
  Year = {2008}
}
@article{Bond2012,
  doi = {10.1098/rstb.2011.0182},
  year = 2012,
  volume = {367},
  number = {1588},
  pages = {601--612},
  author = {William J. Bond and Guy F. Midgley},
  title = {Carbon dioxide and the uneasy interactions of trees and savannah grasses},
  journal = {Philosophical Transactions of the Royal Society B: Biological Sciences}
}
@article{Borchert1994,
  doi = {10.2307/1937467},
  year = 1994,
  publisher = {Wiley},
  volume = {75},
  number = {5},
  pages = {1437--1449},
  author = {Borchert, R.},
  title = {Soil and Stem Water Storage Determine Phenology and Distribution of Tropical Dry Forest Trees},
  journal = {Ecology}
}
@article{Brockerhoff2017,
	Author = {Brockerhoff, Eckehard G. and Barbaro, Luc and Castagneyrol, Bastien and Forrester, David I. and Gardiner, Barry and Gonz{\'{a}}lez-Olabarria, Jos{\'{e}} Ram{\'{o}}n and Lyver, Phil O'B. and Meurisse, Nicolas and Oxbrough, Anne and Taki, Hisatomo and Thompson, Ian D. and van der Plas, Fons and Jactel, Herv{\'{e}}},
	Doi = {10.1007/s10531-017-1453-2},
	Journal = {Biodiversity and Conservation},
	Title = {{Forest biodiversity, ecosystem functioning and the provision of ecosystem services}},
	Year = {2017}
}
@article{Bucini2007,
  doi = {10.1111/j.1466-8238.2007.00325.x},
  year = 2007,
  volume = {16},
  number = {5},
  pages = {593--605},
  author = {Gabriela Bucini and Niall P. Hanan},
  title = {A continental-scale analysis of tree cover in African savannas},
  journal = {Global Ecology and Biogeography}
}
@article{Bunker2005,
	Author = {Bunker, D and DeClerck, F and Bradford, J and Colwell, R},
	Doi = {10.1126/science.1117682},
	Isbn = {0036-8075},
	Journal = {Science},
	Number = {November},
	Pages = {1029--1031},
	Title = {{Species loss and aboveground carbon storage in a tropical forest}},
	Volume = {310},
	Year = {2005}
}
@book{Burgess2004,
	Address = {Washington D. C.},
	Author = {Burgess, Neil and {D'Amico Hales}, Jennifer and Underwood, Emma and Dinerstein, Eric and Olson, David and Itoua, Illana and Schipper, Jan and Ricketts, Taylor and Newman, Kate},
	Isbn = {1559633646},
	Pages = {20--29},
	Title = {{Terrestrial Ecoregions of Africa and Madagascar: A Conservation Assessment}},
	Year = {2004}
}
@article{Burleigh1997,
	Author = {Burleigh, J R and Yamoah, C F},
	Doi = {10.1023/A:1005861821739},
	File = {:Users/johngodlee/Library/Application Support/Mendeley Desktop/Downloaded/Burleigh, Yamoah - 1997 - Site factors associated with the performance of Leucaena leucocephala (Lam.) de Wit and Sesbania sesban (L.) M.pdf:pdf},
	Journal = {Agroforestry Systems},
	Number = {2},
	Pages = {121--131},
	Title = {{Site factors associated with the performance of Leucaena leucocephala (Lam.) de Wit and Sesbania sesban (L.) Merill in pure and mixed stands in the northern highlands of Rwanda}},
	Volume = {37},
	Year = {1997}
}
@article{Butchart2010,
	Author = {Butchart, S. H. M. and Walpole, M. and Collen, B. and van Strien, A. and Scharlemann, J. P. W. and Almond, R. E. A. and Baillie, J. E. M. and Bomhard, B. and Brown, C. and Bruno, J. and Carpenter, K. E. and Carr, G. M. and Chanson, J. and Chenery, A. M. and Csirke, J. and Davidson, N. C. and Dentener, F. and Foster, M. and Galli, A. and Galloway, J. N. and Genovesi, P. and Gregory, R. D. and Hockings, M. and Kapos, V. and Lamarque, J.-F. and Leverington, F. and Loh, J. and McGeoch, M. A. and McRae, L. and Minasyan, A. and Morcillo, M. H. and Oldfield, T. E. E. and Pauly, D. and Quader, S. and Revenga, C. and Sauer, J. R. and Skolnik, B. and Spear, D. and Stanwell-Smith, D. and Stuart, S. N. and Symes, A. and Tierney, M. and Tyrrell, T. D. and Vie, J.-C. and Watson, R.},
	Doi = {10.1126/science.1187512},
	Journal = {Science},
	Month = {may},
	Number = {5982},
	Pages = {1164--1168},
	Title = {{Global Biodiversity: Indicators of Recent Declines}},
	Volume = {328},
	Year = {2010}
}
@article{Callaway1997,
  doi = {10.1890/0012-9658(1997)078[1958:cafasa]2.0.co;2},
  year = 1997,
  volume = {78},
  number = {7},
  pages = {1958--1965},
  author = {Ragan M. Callaway and Lawrence R. Walker},
  title = {Competition and facilitation: a synthetic approach to interactions in plant communities},
  journal = {Ecology}
}
@article{Cardinale2002,
	Author = {Cardinale, Bradley J. and Palmer, Margaret A.},
	Doi = {10.1890/0012-9658(2002)083[1915:DMBEFR]2.0.CO;2},
	Isbn = {0012-9658},
	Journal = {Ecology, 83 (7)-1915-1927},
	Number = {7},
	Pages = {1915--1927},
	Title = {{Disturbance Moderates biodiversity-ecosistem function relationships- experimental evidence from caddisflies in stram mesocosms}},
	Volume = {83},
	Year = {2002}
}
@article{Cardinale2007,
	Author = {Cardinale, Bradley J and Wright, Justin P and Cadotte, Marc W and Carroll, Ian T and Hector, Andy and Srivastava, Diane S and Loreau, Michel and Weis, Jerome J},
	Doi = {10.1073/pnas.0709069104},
	Journal = {Proceedings of the National Academy of Sciences of the United States of America},
	Number = {46},
	Pages = {18123--8},
	Title = {{Impacts of plant diversity on biomass production increase through time because of species complementarity.}},
	Volume = {104},
	Year = {2007}
}
@article{Cardinale2009,
	Author = {Cardinale, Bradley J. and Srivastava, Diane S. and Duffy, J. Emmett and Wright, Justin P. and Downing, Amy L. and Sankaran, Mahesh and Jouseau, Claire and Cadotte, Marc W and Carroll, Ian T. and Weis, Jerome J. and Hector, Andy and Loreau, Michel},
	Doi = {10.1890/08-1584.1},
	Isbn = {0012-9658},
	Journal = {Ecology},
	Number = {3},
	Pages = {854--854},
	Title = {{Effects of biodiversity on the functioning of ecosystems: a summary of 164 experimental manipulations of species richness}},
	Volume = {90},
	Year = {2009}
}
@article{Cardinale2011,
	Author = {Cardinale, Bradley J. and Matulich, Kristin L. and Hooper, David U. and Byrnes, Jarrett E. and Duffy, Emmett and Gamfeldt, Lars and Balvanera, Patricia and O'Connor, Mary I. and Gonzalez, Andrew},
	Doi = {10.3732/ajb.1000364},
	Isbn = {00029122 (ISSN)},
	Journal = {American Journal of Botany},
	Number = {3},
	Pages = {572--592},
	Title = {{The functional role of producer diversity in ecosystems}},
	Volume = {98},
	Year = {2011}
}
@article{Cardinale2012,
	Author = {Cardinale, Bradley J. and Duffy, J. Emmett and Gonzalez, Andrew and Hooper, David U. and Perrings, Charles and Venail, Patrick and Narwani, Anita and Mace, Georgina M. and Tilman, David and A. Wardle, David and Kinzig, Ann P. and Daily, Gretchen C. and Loreau, Michel and Grace, James B. and Larigauderie, Anne and Srivastava, Diane S. and Naeem, Shahid},
	Doi = {10.1038/nature11373},
	Journal = {Nature},
	Number = {7415},
	Pages = {326--326},
	Title = {{Biodiversity loss and its impact on humanity}},
	Volume = {489},
	Year = {2012}
}
@article{Case2020,
  doi = {10.1111/1365-2745.13475},
  year = 2020,
  volume = {108},
  number = {6},
  pages = {2298--2308},
  author = {Madelon F. Case and Jesse B. Nippert and Ricardo M. Holdo and A. Carla Staver},
  editor = {Imma Oliveras},
  title = {Root-niche separation between savanna trees and grasses is greater on sandier soils},
  journal = {Journal of Ecology}
}
@article{Cerling1997,
  doi = {10.1038/38229},
  year = 1997,
  volume = {389},
  number = {6647},
  pages = {153--158},
  author = {Thure E. Cerling and John M. Harris and Bruce J. MacFadden and Meave G. Leakey and Jay Quade and Vera Eisenmann and James R. Ehleringer},
  title = {Global vegetation change through the Miocene/Pliocene boundary},
  journal = {Nature}
}
@article{CharlesDominique2015,
  doi = {10.1111/nph.13406},
  year = 2015,
  volume = {207},
  number = {4},
  pages = {1052--1060},
  author = {Tristan Charles-Dominique and Heath Beckett and Guy F. Midgley and William J. Bond},
  title = {Bud protection: a key trait for species sorting in a forest/savanna mosaic},
  journal = {New Phytologist}
}
@article{CharlesDominique2018,
  doi = {10.1111/nph.15117},
  year = 2018,
  volume = {218},
  number = {4},
  pages = {1419--1429},
  author = {Tristan Charles-Dominique and Guy F. Midgley and Kyle W. Tomlinson and William J. Bond},
  title = {Steal the light: shade vs fire adapted vegetation in forest-savanna mosaics},
  journal = {New Phytologist}
}
@article{Chisholm2013b,
	Author = {Chisholm, Ryan A and Muller-Landau, Helene C. and {Abdul Rahman}, Kassim and Bebber, Daniel P. and Bin, Yue and Bohlman, Stephanie A and Bourg, Norman A and Brinks, Joshua and Bunyavejchewin, Sarayudh and Butt, Nathalie and Cao, Honglin and Cao, Min and C{\'{a}}rdenas, Dairon and Chang, Li-Wan and Chiang, Jyh-Min and Chuyong, George and Condit, Richard and Dattaraja, Handanakere S. and Davies, Stuart and Duque, Alvaro and Fletcher, Christine and Gunatilleke, Nimal and Gunatilleke, Savitri and Hao, Zhanqing and Harrison, Rhett D. and Howe, Robert and Hsieh, Chang-Fu and Hubbell, Stephen P. and Itoh, Akira and Kenfack, David and Kiratiprayoon, Somboon and Larson, Andrew J. and Lian, Juyu and Lin, Dunmei and Liu, Haifeng and Lutz, James A. and Ma, Keping and Malhi, Yadvinder and McMahon, Sean and McShea, William and Meegaskumbura, Madhava and {Mohd. Razman}, Salim and Morecroft, Michael D. and Nytch, Christopher J. and Oliveira, Alexandre and Parker, Geoffrey G and Pulla, Sandeep and Punchi-Manage, Ruwan and Romero-Saltos, Hugo and Sang, Weiguo and Schurman, Jon and Su, Sheng-Hsin and Sukumar, Raman and Sun, I-Fang and Suresh, Hebbalalu S. and Tan, Sylvester and Thomas, Duncan and Thomas, Sean and Thompson, Jill and Valencia, Renato and Wolf, Amy and Yap, Sandra and Ye, Wanhui and Yuan, Zuoqiang and Zimmerman, Jess K.},
	Doi = {10.1111/1365-2745.12132},
	Editor = {Coomes, David},
	Isbn = {0022-0477},
	Journal = {Journal of Ecology},
	Month = {sep},
	Number = {5},
	Pages = {1214--1224},
	Title = {{Scale-dependent relationships between tree species richness and ecosystem function in forests}},
	Volume = {101},
	Year = {2013}
}
@article{Clarke2017,
	Author = {Clarke, David A. and York, Paul H. and Rasheed, Michael A. and Northfield, Tobin D.},
	Doi = {10.1016/j.tree.2017.02.012},
	Journal = {Trends in Ecology and Evolution},
	Number = {5},
	Pages = {320--323},
	Title = {{Does Biodiversity--Ecosystem Function Literature Neglect Tropical Ecosystems?}},
	Volume = {32},
	Year = {2017}
}
@article{Coller2018,
  doi = {10.1016/j.sajb.2018.08.024},
  year = 2018,
  volume = {119},
  pages = {94--103},
  author = {H. {Van Coller} and F. Siebert and P. F. Scogings and S. Ellis},
  title = {Herbaceous responses to herbivory, fire and rainfall variability differ between grasses and forbs},
  journal = {South African Journal of Botany}
}
@article{Coomes2007a,
	Author = {Coomes, David A. and Allen, Robert B.},
	Doi = {10.1111/j.1365-2745.2007.01280.x},
	Journal = {Journal of Ecology},
	Number = {5},
	Pages = {1084--1097},
	Title = {{Effects of size, competition and altitude on tree growth}},
	Volume = {95},
	Year = {2007}
}
@article{Dahlin2016,
  doi = {10.1111/ecog.02443},
  year = 2016,
  publisher = {Wiley},
  volume = {40},
  number = {2},
  pages = {314--323},
  author = {Kyla M. Dahlin and Dominick Del Ponte and Emily Setlock and Ryan Nagelkirk},
  title = {Global patterns of drought deciduous phenology in semi-arid and savanna-type ecosystems},
  journal = {Ecography}
}
@article{Daibes2019,
  doi = {10.1093/aob/mcz028},
  year = 2019,
  volume = {123},
  number = {7},
  pages = {1219--1229},
  author = {L Felipe Daibes and Juli G Pausas and Nathalia Bonani and Jessika Nunes and Fernando A O Silveira and Alessandra Fidelis},
  title = {Fire and legume germination in a tropical savanna: ecological and historical factors},
  journal = {Annals of Botany}
}
@article{Dantas2013,
  doi = {10.1111/1365-2745.12118},
  year = 2013,
  volume = {101},
  number = {5},
  pages = {1265--1272},
  author = {Dantas, V. L. and Pausas, J. G.},
  editor = {Peter Bellingham},
  title = {The lanky and the corky: fire-escape strategies in savanna woody species},
  journal = {Journal of Ecology}
}
@article{Dantas2015,
  doi = {10.1111/ele.12537},
  year = 2015,
  volume = {19},
  number = {1},
  pages = {12--19},
  author = {Dantas, V. L. and Hirota, M. and Oliveira, R. S. and Pausas, J. G.},
  title = {Disturbance maintains alternative biome states},
  journal = {Ecology Letters}
}
@article{Dinerstein2017,
  doi = {10.1093/biosci/bix014},
  year = 2017,
  volume = {67},
  number = {6},
  pages = {534--545},
  author = {Eric Dinerstein and David Olson and Anup Joshi and Carly Vynne and Neil D. Burgess and Eric Wikramanayake and Nathan Hahn and Suzanne Palminteri and Prashant Hedao and Reed Noss and Matt Hansen and Harvey Locke and Erle C Ellis and Benjamin Jones and Charles Victor Barber and Randy Hayes and Cyril Kormos and Vance Martin and Eileen Crist and Wes Sechrest and Lori Price and Jonathan E. M. Baillie and Don Weeden and Kier{\'{a}}n Suckling and Crystal Davis and Nigel Sizer and Rebecca Moore and David Thau and Tanya Birch and Peter Potapov and Svetlana Turubanova and Alexandra Tyukavina and Nadia de Souza and Lilian Pintea and Jos{\'{e}} C. Brito and Othman A. Llewellyn and Anthony G. Miller and Annette Patzelt and Shahina A. Ghazanfar and Jonathan Timberlake and Heinz Kl\"{o}ser and Yara Shennan-Farp{\'{o}}n and Roeland Kindt and Jens-Peter Barnekow Lilles{\o} and Paulo van Breugel and Lars Graudal and Maianna Voge and Khalaf F. Al-Shammari and Muhammad Saleem},
  title = {An Ecoregion-Based Approach to Protecting Half the Terrestrial Realm},
  journal = {{BioScience}}
}
@article{Dohn2017,
  doi = {10.1002/ecy.1659},
  year = 2017,
  volume = {98},
  number = {2},
  pages = {478--488},
  author = {Justin Dohn and David J. Augustine and Niall P. Hanan and Jayashree Ratnam and Mahesh Sankaran},
  title = {Spatial vegetation patterns and neighborhood competition among woody plants in an East African savanna},
  journal = {Ecology}
}
@article{Duffy2017,
  doi = {10.1038/nature23886},
  year = 2017,
  volume = {549},
  number = {7671},
  pages = {261--264},
  author = {J. Emmett Duffy and Casey M. Godwin and Bradley J. Cardinale},
  title = {Biodiversity effects in the wild are common and as strong as key drivers of productivity},
  journal = {Nature}
}
@article{Edwards2010,
  doi = {10.1073/pnas.0909672107},
  year = 2010,
  volume = {107},
  number = {6},
  pages = {2532--2537},
  author = {E. J. Edwards and S. A. Smith},
  title = {Phylogenetic analyses reveal the shady history of C4 grasses},
  journal = {Proceedings of the National Academy of Sciences}
}
@article{Fayolle2018,
  doi = {10.1111/jbi.13475},
  year = 2018,
  volume = {46},
  number = {2},
  pages = {454--465},
  author = {Adeline Fayolle and Michael D. Swaine and Julie Aleman and Akomian F. Azihou and David Bauman and Mariska te Beest and Emmanuel N. Chidumayo and Joris P. G. M. Cromsigt and H{\'{e}}l{\`{e}}ne Dessard and Manfred Finckh and Francisco Maiato P. Gon{\c{c}}alves and Jean-Francois Gillet and Anais Gorel and Aur{\'{e}}lie Hick and Ricardo Holdo and Ben Kirunda and Gregory Mahy and Iain McNicol and Casey M. Ryan and Rasmus Revermann and Andrew Plumptre and Rose Pritchard and Paula Nieto-Quintano and Christine B. Schmitt and Josiane Seghieri and Anthony Swemmer and Habte Talila and Emily Woollen},
  title = {A sharp floristic discontinuity revealed by the biogeographic regionalization of African savannas},
  journal = {Journal of Biogeography}
}
@article{February2013,
  doi = {10.1890/12-0540.1},
  year = 2013,
  volume = {94},
  number = {5},
  pages = {1155--1164},
  author = {Edmund C. February and Steven I. Higgins and William J. Bond and Louise Swemmer},
  title = {Influence of competition and rainfall manipulation on the growth responses of savanna trees and grasses},
  journal = {Ecology}
}
@article{Finegan2015,
	Author = {Finegan, Bryan and Pe{\~{n}}a-Claros, Marielos and de Oliveira, Alexandre and Ascarrunz, Nataly and Bret-Harte, M. Syndonia and Carre{\~{n}}o-Rocabado, Geovana and Casanoves, Fernando and D{\'{i}}az, Sandra and {Eguiguren Velepucha}, Paul and Fernandez, Fernando and Licona, Juan Carlos and Lorenzo, Leda and {Salgado Negret}, Beatriz and Vaz, Marcel and Poorter, Lourens},
	Doi = {10.1111/1365-2745.12346},
	Isbn = {1365-2745},
	Journal = {Journal of Ecology},
	Number = {1},
	Pages = {191--201},
	Title = {{Does functional trait diversity predict above-ground biomass and productivity of tropical forests? Testing three alternative hypotheses}},
	Volume = {103},
	Year = {2015}
}
@article{Fischer2014,
	Author = {Fischer, Rico and Armstrong, Amanda and Shugart, Herman H. and Huth, Andreas},
	Doi = {10.1016/j.envsoft.2013.10.026},
	Journal = {Environmental Modelling and Software},
	Pages = {200--206},
	Title = {{Simulating the impacts of reduced rainfall on carbon stocks and net ecosystem exchange in a tropical forest}},
	Volume = {52},
	Year = {2014}
}
@article{Flynn2011,
	Author = {Flynn, Dan F. B. and Mirotchnick, Nicholas and Jain, Meha and Palmer, Matthew I. and Naeem, Shahid},
	Doi = {10.1890/10-1245.1},
	Journal = {Ecology},
	Number = {8},
	Pages = {1573--1581},
	Title = {Functional and phylogenetic diversity as predictors of biodiversity ecosystem-function relationships},
	Volume = {92},
	Year = {2011}
}
@article{Foster1999,
	Author = {Foster, G. G. and Hodgson, A. N. and Balarin, M.},
	Doi = {10.1007/s002270050548},
	Journal = {Marine Biology},
	Number = {2},
	Pages = {307--315},
	Title = {{Effect of diet on growth rate and reproductive fitness of Turbo sarmaticus (Mollusca: Vetigastropoda: Turbinidae)}},
	Volume = {134},
	Year = {1999}
}
@inbook{Frost1996,
	Address = {Bogor, India},
	Author = {Frost, P.},
	Booktitle = {The Miombo in Transition: Woodlands and Welfare in Africa},
	Editor = {Campbell, B. M.},
	Pages = {11--55},
	Publisher = {Center for International Forestry Research},
	Title = {{The Ecology of Miombo Woodlands}},
	Year = {1996}}

@article{Gamfeldt2015,
	Author = {Gamfeldt, Lars and Lefcheck, Jonathan S. and Byrnes, Jarrett E. K. and Cardinale, Bradley J. and Duffy, J. Emmett and Griffin, John N.},
	Doi = {10.1111/oik.01549},
	Isbn = {2167-9843},
	Journal = {Oikos},
	Number = {3},
	Pages = {252--265},
	Title = {{Marine biodiversity and ecosystem functioning: What's known and what's next?}},
	Volume = {124},
	Year = {2015}
}
@inbook{Gonzalez2009,
  Author = {Gonzalez, Andrew and Mouquet, Nicolas and Loreau, Michel},
  Booktitle = {Biodiversity, Ecosystem Functioning, and Human Wellbeing: An Ecological and Economic Perspective},
  Doi = {10.1093/acprof:oso/9780199547951.003.0010},
  Isbn = {9780191720345},
  Title = {{Biodiversity as spatial insurance: The effects of habitat fragmentation and dispersal on ecosystem functioning}},
  Year = {2009}
}
@article{Good2011,
  doi = {10.1073/pnas.1013100108},
  year = 2011,
  volume = {108},
  number = {12},
  pages = {4902--4907},
  author = {S. P. Good and K. K. Caylor},
  title = {Climatological determinants of woody cover in Africa},
  journal = {Proceedings of the National Academy of Sciences}
}
@article{Good2014,
  doi = {10.1007/s00442-014-2886-x},
  year = 2014,
  volume = {175},
  number = {1},
  pages = {261--271},
  author = {Megan K. Good and Peter J. Clarke and Jodi N. Price and Nick Reid},
  title = {Seasonality and facilitation drive tree establishment in a semi-arid floodplain savanna},
  journal = {Oecologia}
}
@article{Grace2006,
  doi = {10.1111/j.1365-2699.2005.01448.x},
  year = 2006,
  volume = {33},
  number = {3},
  pages = {387--400},
  author = {John Grace and Jose San Jose and Patrick Meir and Heloisa S. Miranda and Ruben A. Montes},
  title = {Productivity and carbon fluxes of tropical savannas},
  journal = {Journal of Biogeography}
}
@article{Griffin2013a,
	Author = {Griffin, John N. and Byrnes, Jarrett E K and Cardinale, Bradley J.},
	Doi = {10.1890/13-0179.1},
	Isbn = {0012-9658},
	Journal = {Ecology},
	Number = {10},
	Pages = {2180--2187},
	Title = {{Effects of predator richness on prey suppression: A meta-analysis}},
	Volume = {94},
	Year = {2013}
}
@article{Grime1998,
	Author = {Grime, J. P.},
	Doi = {10.1046/j.1365-2745.1998.00306.x},
	Isbn = {0022-0477},
	Journal = {Journal of Ecology},
	Number = {6},
	Pages = {902--910},
	Title = {{Benefits of plant diversity to ecosystems: Immediate, filter and founder effects}},
	Volume = {86},
	Year = {1998}
}
@article{Hansen2013,
  doi = {10.1126/science.1244693},
  year = 2013,
  volume = {342},
  number = {6160},
  pages = {850--853},
  author = {M. C. Hansen and P. V. Potapov and R. Moore and M. Hancher and S. A. Turubanova and A. Tyukavina and D. Thau and S. V. Stehman and S. J. Goetz and T. R. Loveland and A. Kommareddy and A. Egorov and L. Chini and C. O. Justice and J. R. G. Townshend},
  title = {High-Resolution Global Maps of 21st-Century Forest Cover Change},
  journal = {Science}
}
@article{Hecky2003,
  doi = {10.1016/s0380-1330(03)70544-9},
  year = 2003,
  volume = {29},
  pages = {139--158},
  author = {Robert E. Hecky and Harvey A. Bootsma and Murray L. Kingdon},
  title = {Impact of Land Use on Sediment and Nutrient Yields to Lake Malawi/Nyasa (Africa)},
  journal = {Journal of Great Lakes Research}
}
@article{Hector2007,
  doi = {10.1038/nature05947},
  year = 2007,
  volume = {448},
  number = {7150},
  pages = {188--190},
  author = {Andy Hector and Robert Bagchi},
  title = {Biodiversity and ecosystem multifunctionality},
  journal = {Nature}
}
@article{Hempson2015,
  doi = {10.1126/science.aac7978},
  year = 2015,
  volume = {350},
  number = {6264},
  pages = {1056--1061},
  author = {G. P. Hempson and S. Archibald and W. J. Bond},
  title = {A continent-wide assessment of the form and intensity of large mammal herbivory in Africa},
  journal = {Science}
}
@article{Higgins2000,
  doi = {10.1046/j.1365-2745.2000.00435.x},
  year = 2000,
  volume = {88},
  number = {2},
  pages = {213--229},
  author = {Steven I. Higgins and William J. Bond and Winston S. W. Trollope},
  title = {Fire, resprouting and variability: a recipe for grass-tree coexistence in savanna},
  journal = {Journal of Ecology}
}
@article{Hirota2011,
  author = {Hirota, M. and Holmgren, M. and {Van Nes}, E. H. and Scheffer, M.},
  title = {Global resilience of tropical forest and savanna to critical transitions},
  year = 2011,
  journal = {Science},
  volume = {334},
  number = {},
  pages = {232--235},
  DOI = { http://dx.doi.org/10.1126/science.1210657 }
}
@article{Hoekstra2004,
  doi = {10.1111/j.1461-0248.2004.00686.x},
  year = 2004,
  volume = {8},
  number = {1},
  pages = {23--29},
  author = {Jonathan M. Hoekstra and Timothy M. Boucher and Taylor H. Ricketts and Carter Roberts},
  title = {Confronting a biome crisis: global disparities of habitat loss and protection},
  journal = {Ecology Letters}
}
@article{Hoffmann2012,
	Author = {Hoffmann, William A. and Geiger, Erika L. and Gotsch, Sybil G. and Rossatto, Davi R. and Silva, Lucas C. R. and Lau, On Lee and Haridasan, M. and Franco, Augusto C.},
	Doi = {10.1111/j.1461-0248.2012.01789.x},
	Isbn = {1461-0248},
	Journal = {Ecology Letters},
	Number = {7},
	Pages = {759--768},
	Title = {{Ecological thresholds at the savanna-forest boundary: How plant traits, resources and fire govern the distribution of tropical biomes}},
	Volume = {15},
	Year = {2012}
}
@article{Hogberg1986,
  doi = {10.2307/2404045},
  year = 1986,
  volume = {23},
  number = {2},
  pages = {675},
  author = {P. Hogberg},
  title = {Nitrogen-Fixation and Nutrient Relations in Savanna Woodland Trees (Tanzania)},
  journal = {The Journal of Applied Ecology}
}
@article{Hooper2012,
	Author = {Hooper, David U. and Adair, E. Carol and Cardinale, Bradley J. and Byrnes, Jarrett E. K. and Hungate, Bruce a. and Matulich, Kristin L. and Gonzalez, Andrew and Duffy, J. Emmett and Gamfeldt, Lars and O'Connor, Mary I.},
	Doi = {10.1038/nature11118},
	Journal = {Nature},
	Number = {7401},
	Pages = {105--108},
	Title = {{A global synthesis reveals biodiversity loss as a major driver of ecosystem change}},
	Volume = {486},
	Year = {2012}
}
@article{Howe2014,
	Author = {Howe, Caroline and Suich, Helen and Vira, Bhaskar and Mace, Georgina M.},
	Doi = {10.1016/j.gloenvcha.2014.07.005},
	Isbn = {7812166171},
	Journal = {Global Environmental Change},
	Number = {1},
	Pages = {263--275},
	Title = {{Creating win-wins from trade-offs? Ecosystem services for human well-being: A meta-analysis of ecosystem service trade-offs and synergies in the real world}},
	Volume = {28},
	Year = {2014}
}
@article{Huston1997,
	Author = {Huston, M. A.},
	Doi = {10.1007/s004420050180},
	Journal = {Oecologia},
	Number = {4},
	Pages = {449--460},
	Title = {{Hidden treatments in ecological experiments: re-evalutating the ecosystem function of biodiverstiy}},
	Volume = {110},
	Year = {1997}
}
@article{Isbell2013,
	Author = {Isbell, Forest and Reich, Peter B and Tilman, David and Hobbie, Sarah E and Polasky, Stephen and Binder, Seth},
	Doi = {10.1073/pnas.1310880110},
	Journal = {Proceedings of the National Academy of Sciences of the United States of America},
	Number = {29},
	Pages = {11911--6},
	Title = {{Nutrient enrichment, biodiversity loss, and consequent declines in ecosystem productivity.}},
	Volume = {110},
	Year = {2013}
}
@article{Jax2005,
	Author = {Jax, Kurt},
	Doi = {10.1111/j.1600-0706.2005.13851.x},
	Isbn = {1600-0706},
	Journal = {Oikos},
	Month = {dec},
	Number = {3},
	Pages = {641--648},
	Title = {{Function and ``functioning'' in ecology: what does it mean?}},
	Volume = {111},
	Year = {2005}
}
@article{Kareiva2011,
	Author = {Kareiva, P. and Tallis, H. and Ricketts, T. H. and Daily, G. C. and Polasky, S.},
	Doi = {10.1177/0309133311417953},
	Isbn = {9780199588992},
	Journal = {Progress in Physical Geography},
	Number = {5},
	Pages = {701--704},
	Title = {{Natural Capital: Theory and Practice of Mapping Ecosystem Services}},
	Volume = {35},
	Year = {2011}
}
@article{Kellman1984,
  doi = {10.2307/2387850},
  year = 1984,
  volume = {16},
  number = {2},
  pages = {158},
  author = {Martin Kellman},
  title = {Synergistic Relationships Between Fire and Low Soil Fertility in Neotropical Savannas: A Hypothesis},
  journal = {Biotropica}
}
@article{Ketter2018,
  doi = {10.1017/s0266467418000020},
  year = 2018,
  volume = {34},
  number = {1},
  pages = {65--73},
  author = {Benjamin L. Ketter and Ricardo M. Holdo},
  title = {Strong competitive effects of African savanna C4 grasses on tree seedlings do not support rooting differentiation},
  journal = {Journal of Tropical Ecology}
}
@article{Korner2017,
  doi = {10.1126/science.aal2449},
  year = 2017,
  volume = {355},
  number = {6321},
  pages = {130--131},
  author = {Christian Körner},
  title = {A matter of tree longevity},
  journal = {Science}
}
@article{Kumar2020,
  doi = {10.1016/j.biocon.2019.108293},
  year = 2020,
  volume = {241},
  pages = {108293},
  author = {Dushyant Kumar and Mirjam Pfeiffer and Camille Gaillard and Liam Langan and Carola Martens and Simon Scheiter},
  title = {Misinterpretation of Asian savannas as degraded forest can mislead management and conservation policy under climate change},
  journal = {Biological Conservation}
}
@article{Laestadius2011,
  author = {Laestadius, L. and Maginnis, S. and Minnemeyer, S. and Potapov, P. and {Saint-Laurent}, C. and Sizer, N.},
  title = {Opportunities for forest landscape restoration},
  year = 2011,
  journal = {Unasylva},
  volume = {62},
  number = {},
  pages = {1--238}
}
@article{Lawes2011,
  doi = {10.1890/es10-00204.1},
  year = 2011,
  volume = {2},
  number = {4},
  pages = {art42},
  author = {Michael J. Lawes and Hylton Adie and Jeremy Russell-Smith and Brett Murphy and Jeremy J. Midgley},
  title = {How do small savanna trees avoid stem mortality by fire? The roles of stem diameter, height and bark thickness},
  journal = {Ecosphere}
}
@article{Lehmann2011,
	Author = {Lehmann, C. E. R. and Archibald, S. A. and Hoffmann, W. A. and Bond, W. J.},
	Doi = {10.1111/j.1469-8137.2011.03689.x},
	Journal = {New Phytologist},
	Number = {1},
	Pages = {197--209},
	Title = {{Deciphering the distribution of the savanna biome}},
	Volume = {191},
	Year = {2011}
}
@article{Levine2009,
	Author = {Levine, Jonathan M. and HilleRisLambers, Janneke},
	Doi = {10.1038/nature08251},
	Isbn = {1476-4687 (Electronic)$\backslash$n0028-0836 (Linking)},
	Journal = {Nature},
	Number = {7261},
	Pages = {254--257},
	Title = {{The importance of niches for the maintenance of species diversity}},
	Volume = {461},
	Year = {2009}
}
@article{Lewis2009,
	Author = {Lewis, Simon L. and Lopez-Gonzalez, Gabriela and Sonk{\'{e}}, Bonaventure and Affum-Baffoe, Kofi and Baker, Timothy R. and Ojo, Lucas O. and Phillips, Oliver L. and Reitsma, Jan M. and White, Lee and Comiskey, James A. and {Djuikouo K}, Marie No{\"{e}}l and Ewango, Corneille E. N. and Feldpausch, Ted R. and Hamilton, Alan C. and Gloor, Manuel and Hart, Terese and Hladik, Annette and Lloyd, Jon and Lovett, Jon C. and Makana, Jean Remy and Malhi, Yadvinder and Mbago, Frank M. and Ndangalasi, Henry J. and Peacock, Julie and Peh, Kelvin S. H. and Sheil, Douglas and Sunderland, Terry and Swaine, Michael D. and Taplin, James and Taylor, David and Thomas, Sean C. and Votere, Raymond and W{\"{o}}ll, Hannsj{\"{o}}rg},
	Doi = {10.1038/nature07771},
	Isbn = {1476-4687 (Electronic)$\backslash$r0028-0836 (Linking)},
	Journal = {Nature},
	Number = {7232},
	Pages = {1003--1006},
	Title = {{Increasing carbon storage in intact African tropical forests}},
	Volume = {457},
	Year = {2009}
}
@article{Liang2016,
	Author = {Liang, J. and Crowther, T. W. and Picard, N. and Wiser, S. and Zhou, M. and Alberti, G. and Schulze, E.-D. and McGuire, A. D. and Bozzato, F. and Pretzsch, H. and De-Miguel, S. and Paquette, A. and Herault, B. and Scherer-Lorenzen, M. and Barrett, C. B. and Glick, H. B. and Hengeveld, G. M. and Nabuurs, G.-J. and Pfautsch, S. and Viana, H. and Vibrans, A. C. and Ammer, C. and Schall, P. and Verbyla, D. and Tchebakova, N. and Fischer, M. and Watson, J. V. and Chen, H. Y. H. and Lei, X. and Schelhaas, M.-J. and Lu, H. and Gianelle, D. and Parfenova, E. I. and Salas, C. and Lee, E. and Lee, B. and Kim, H. S. and Bruelheide, H. and Coomes, D. A. and Piotto, D. and Sunderland, T. and Schmid, B. and Gourlet-Fleury, S. and Sonke, B. and Tavani, R. and Zhu, J. and Brandl, S. and Vayreda, J. and Kitahara, F. and Searle, E. B. and Neldner, V. J. and Ngugi, M. R. and Baraloto, C. and Frizzera, L. and Ba azy, R. and Oleksyn, J. and Zawi a-Nied wiecki, T. and Bouriaud, O. and Bussotti, F. and Finer, L. and Jaroszewicz, B. and Jucker, T. and Valladares, F. and Jagodzinski, A. M. and Peri, P. L. and Gonmadje, C. and Marthy, W. and OBrien, T. and Martin, E. H. and Marshall, A. R. and Rovero, F. and Bitariho, R. and Niklaus, P. A. and Alvarez-Loayza, P. and Chamuya, N. and Valencia, R. and Mortier, F. and Wortel, V. and Engone-Obiang, N. L. and Ferreira, L. V. and Odeke, D. E. and Vasquez, R. M. and Lewis, S. L. and Reich, P. B.},
	Doi = {10.1126/science.aaf8957},
	Isbn = {0036-8075},
	Journal = {Science},
	Month = {oct},
	Number = {6309},
	Pages = {aaf8957--aaf8957},
	Title = {{Positive biodiversity-productivity relationship predominant in global forests}},
	Volume = {354},
	Year = {2016}
}
@article{Linder2003,
	Author = {Linder, H. Peter},
	Doi = {Doi 10.1017/S1464793103006171},
	Isbn = {1464-7931},
	Journal = {Biological Reviews of the Cambridge Philosophical Society},
	Number = {2003},
	Pages = {597--638},
	Title = {{The radiation of the Cape flora, southern Africa}},
	Volume = {78},
	Year = {2003}
}
@article{Loreau2001a,
	Author = {Loreau, M.},
	Doi = {10.1126/science.1064088},
	Isbn = {0036-8075},
	Journal = {Science},
	Month = {oct},
	Number = {5543},
	Pages = {804--808},
	Shorttitle = {Biodiversity and Ecosystem Functioning},
	Title = {{Biodiversity and Ecosystem Functioning: Current Knowledge and Future Challenges}},
	Volume = {294},
	Year = {2001}
}
@article{Lortie2021,
  doi = {10.1111/1365-2745.13596},
  year = 2021,
  volume = {109},
  number = {5},
  pages = {2047--2053},
  author = {Christopher J. Lortie and Mario Zuliani and Nargol Ghazian and Stephanie Haas and Jenna Braun and Malory Owen and Florencia Miguel and Merav Seifan and Alessandro Filazzola and Jacob Lucero},
  editor = {Alexandra Wright},
  title = {Too much of a good thing: Shrub benefactors are less important in higher diversity arid ecosystems},
  journal = {Journal of Ecology}
}
@article{MacArthur1955,
	Author = {MacArthur, Robert},
	Doi = {10.2307/1929601},
	Journal = {Ecology},
	Month = {jul},
	Number = {3},
	Pages = {533},
	Title = {{Fluctuations of Animal Populations and a Measure of Community Stability}},
	Volume = {36},
	Year = {1955}
}
@article{Makhado2014,
  doi = {10.1080/0035919x.2014.922512},
  year = 2014,
  volume = {69},
  number = {2},
  pages = {117--122},
  author = {Rudzani Makhado and Martin Potgieter and Jonathan Timberlake and Davison Gumbo},
  title = {A review of the significance of mopane products to rural people's livelihoods in southern Africa},
  journal = {Transactions of the Royal Society of South Africa}
}
@inbook{May-Tobin2011,
  editor = {Boucher, D. and Elias, P. and Lininger, K. and May-Tobin, C. and Roquemore, S. and Saxon, E.},
  author = {May-Tobin, C.},
  title = {Wood for Fuel},
  booktitle = {The root of the problem: {What's} driving tropical deforestation today?},
  year = 2011,
  pages = {79--87},
  publisher = {Union of Concerned Scientists},
  address = {Cambridge MA, USA}
}
@article{McRae2017,
	Author = {McRae, Louise and Deinet, Stefanie and Freeman, Robin},
	Doi = {10.1371/journal.pone.0169156},
	Editor = {Doi, Hideyuki},
	Isbn = {1111111111},
	Journal = {PLOS ONE},
	Month = {jan},
	Number = {1},
	Pages = {e0169156},
	Title = {{The Diversity-Weighted Living Planet Index: Controlling for Taxonomic Bias in a Global Biodiversity Indicator}},
	Volume = {12},
	Year = {2017}
}
@article{Michaletz2014,
	Author = {Michaletz, Sean T. and Cheng, Dongliang and Kerkhoff, Andrew J. and Enquist, Brian J.},
	Doi = {10.1038/nature13470},
	Isbn = {0028-0836},
	Journal = {Nature},
	Number = {1},
	Pages = {39--43},
	Title = {{Convergence of terrestrial plant production across global climate gradients}},
	Volume = {512},
	Year = {2014}
}
@article{Mittermeier2003,
  doi = {10.1073/pnas.1732458100},
  year = 2003,
  volume = {100},
  number = {18},
  pages = {10309--10313},
  author = {R. A. Mittermeier and C. G. Mittermeier and T. M. Brooks and J. D. Pilgrim and W. R. Konstant and G. A. B. da Fonseca and C. Kormos},
  title = {Wilderness and biodiversity conservation},
  journal = {Proceedings of the National Academy of Sciences}
}
@article{Mlambo2014,
	Author = {Mlambo, Musa C.},
	Doi = {10.1007/s10531-014-0618-5},
	Isbn = {1053101406},
	Journal = {Biodiversity and Conservation},
	Number = {3},
	Pages = {781--790},
	Title = {{Not all traits are 'functional': Insights from taxonomy and biodiversity-ecosystem functioning research}},
	Volume = {23},
	Year = {2014}
}
@article{Moncrieff2016,
  doi = {10.1098/rstb.2015.0311},
  year = 2016,
  volume = {371},
  number = {1703},
  pages = {20150311},
  author = {Glenn R. Moncrieff and Simon Scheiter and Liam Langan and Antonio Trabucco and Steven I. Higgins},
  title = {The future distribution of the savannah biome: model-based and biogeographic contingency},
  journal = {Philosophical Transactions of the Royal Society B: Biological Sciences}
}
@article{Mora2014,
  doi = {10.1038/srep05427},
  year = 2014,
  volume = {4},
  number = {1},
  author = {Camilo Mora and Roberto Danovaro and Michel Loreau},
  title = {Alternative hypotheses to explain why biodiversity-ecosystem functioning relationships are concave-up in some natural ecosystems but concave-down in manipulative experiments},
  journal = {Scientific Reports}
}
@article{Morin2014b,
	Author = {Morin, Xavier and Fahse, Lorenz and de Mazancourt, Claire and Scherer-Lorenzen, Michael and Bugmann, Harald},
	Doi = {10.1111/ele.12357},
	Editor = {Rejmanek, Marcel},
	Isbn = {1461-0248},
	Journal = {Ecology Letters},
	Language = {en},
	Month = {dec},
	Number = {12},
	Pages = {1526--1535},
	Title = {{Temporal stability in forest productivity increases with tree diversity due to asynchrony in species dynamics}},
	Volume = {17},
	Year = {2014}
}
@article{Moustakas2013,
	Author = {Moustakas, Aristides and Kunin, William E. and Cameron, Tom C. and Sankaran, Mahesh},
	Doi = {10.1371/journal.pone.0057025},
	Isbn = {1932-6203},
	Journal = {PLoS ONE},
	Number = {2},
	Title = {{Facilitation or Competition? Tree Effects on Grass Biomass across a Precipitation Gradient}},
	Volume = {8},
	Year = {2013}
}
@article{Murphy2012,
	Author = {Murphy, Brett P. and Bowman, David M J S},
	Doi = {10.1111/j.1461-0248.2012.01771.x},
	Isbn = {1461-0248},
	Journal = {Ecology Letters},
	Number = {7},
	Pages = {748--758},
	Title = {{What controls the distribution of tropical forest and savanna?}},
	Volume = {15},
	Year = {2012}
}
@article{Naeem1994,
	Author = {Naeem, Shahid and Thompson, L. J. and Lawler, S. P. and Lawton, J. H. and Woodfin, R. M.},
	Journal = {Nature},
	Pages = {734--737},
	Title = {{Declining biodiversity can alte the performance of ecosystems}},
	Volume = {368},
	Year = {1994}}

@article{Naeem2012,
	Author = {Naeem, S. and Duffy, J. E. and Zavaleta, E.},
	Doi = {10.1126/science.1215855},
	Journal = {Science},
	Number = {6087},
	Pages = {1401--1406},
	Title = {{The Functions of Biological Diversity in an Age of Extinction}},
	Volume = {336},
	Year = {2012}
}
@article{Newbold2016,
	Author = {Newbold, Tim and Hudson, Lawrence N and Arnell, Andrew P and Contu, Sara and Palma, Adriana De and Ferrier, Simon and Hill, Samantha L L and Hoskins, Andrew J and Lysenko, Igor and Phillips, Helen R P and Burton, Victoria J and Chng, Charlotte W T and Emerson, Susan and Gao, Di and Pask-hale, Gwilym and Hutton, Jon and Jung, Martin and Sanchez-ortiz, Katia and Simmons, Benno I and Whitmee, Sarah and Zhang, Hanbin},
	Journal = {Science},
	Number = {6296},
	Pages = {288--91},
	Title = {{Has land use pushed terrestrial biodiversity beyond the planetary boundary?}},
	Volume = {353},
	Year = {2016}}

@article{Njana2013,
	Author = {Njana, Marco Andrew and Kajembe, George Chamungwana and Malimbwi, Rogers Ernest},
	Doi = {10.1080/14728028.2013.803774},
	Isbn = {1472-8028},
	Journal = {Forests Trees and Livelihoods},
	Number = {2},
	Pages = {124--140},
	Title = {{Are miombo woodlands vital to livelihoods of rural households? Evidence from Urumwa and surrounding communities, Tabora, Tanzania}},
	Volume = {22},
	Year = {2013}
}
@article{Padilla2006,
  doi = {10.1890/1540-9295(2006)004[0196:tronpi]2.0.co;2},
  year = 2006,
  volume = {4},
  number = {4},
  pages = {196--202},
  author = {Francisco M. Padilla and Francisco I. Pugnaire},
  title = {The role of nurse plants in the restoration of degraded environments},
  journal = {Frontiers in Ecology and the Environment}
}
@book{Palgrave2003,
  author = {Palgrave, K. C.},
  title = {Trees of southern {Africa}},
  year = 2003,
  publisher = {Struik Publications},
  address = {Cape Town, South Africa},
  isbn = {1868723895}
}
@article{Parr2014,
  doi = {10.1016/j.tree.2014.02.004},
  year = 2014,
  volume = {29},
  number = {4},
  pages = {205--213},
  author = {Catherine L. Parr and Caroline E. R. Lehmann and William J. Bond and William A. Hoffmann and Alan N. Andersen},
  title = {Tropical grassy biomes: misunderstood, neglected, and under threat},
  journal = {Trends in Ecology {\&} Evolution}
}
@article{Pelletier2018,
  doi = {10.1088/1748-9326/aadc9a},
  year = 2018,
  volume = {13},
  number = {9},
  pages = {094017},
  author = {Johanne Pelletier and Alain Paquette and Keddy Mbindo and Noah Zimba and Abel Siampale and Bwalya Chendauka and Freddie Siangulube and Jonathan Wesley Roberts},
  title = {Carbon sink despite large deforestation in African tropical dry forests (miombo woodlands)},
  journal = {Environmental Research Letters}
}
@article{Pennington2018,
  title = {Tropical savannas and dry forests},
  journal = {Current Biology},
  volume = {28},
  number = {9},
  pages = {R541-R545},
  year = {2018},
  issn = {0960-9822},
  doi = {https://doi.org/10.1016/j.cub.2018.03.014},
  author = {R. Toby Pennington and Caroline E. R. Lehmann and Lucy M. Rowland}
}
@article{Petchey2002,
	Author = {Petchey, Owen L. and Gaston, Kevin J.},
	Doi = {10.1046/j.1461-0248.2002.00339.x},
	Isbn = {1461-0248},
	Journal = {Ecology Letters},
	Number = {3},
	Pages = {402--411},
	Title = {{Functional diversity (FD), species richness and community composition}},
	Volume = {5},
	Year = {2002}
}
@article{Petchey2006,
	Author = {Petchey, Owen L. and Gaston, Kevin J.},
	Doi = {10.1111/j.1461-0248.2006.00924.x},
	Isbn = {1461-023X},
	Journal = {Ecology Letters},
	Month = {jun},
	Number = {6},
	Pages = {741--758},
	Title = {{Functional diversity: back to basics and looking forward}},
	Volume = {9},
	Year = {2006}
}
@article{Pison2017,
  author = {Pison, G.},
  title = {The population of the world (2017)},
  year = 2017,
  journal = {Population and Societies},
  volume = {547},
  number = {},
  pages = {1--9}
}
@article{Plas2019,
  doi = {10.1111/brv.12499},
  year = 2019,
  author = {Fons van der Plas},
  title = {Biodiversity and ecosystem functioning in naturally assembled communities},
  journal = {Biological Reviews}
}
@article{Pulsford2014,
  doi = {10.1111/brv.12163},
  year = 2014,
  volume = {91},
  number = {1},
  pages = {148--167},
  author = {Stephanie A. Pulsford and David B. Lindenmayer and Don A. Driscoll},
  title = {A succession of theories: purging redundancy from disturbance theory},
  journal = {Biological Reviews}
}
@article{Purves2007,
	Author = {Purves, Drew W. and Lichstein, Jeremy W. and Pacala, Stephen W.},
	Doi = {10.1371/journal.pone.0000870},
	Isbn = {1932-6203 (Electronic)$\backslash$r1932-6203 (Linking)},
	Journal = {PLoS ONE},
	Number = {9},
	Title = {{Crown plasticity and competition for canopy space: A new spatially implicit model parameterized for 250 North American tree species}},
	Volume = {2},
	Year = {2007}
}
@article{Ratcliffe2017,
	Author = {Ratcliffe, Sophia and Wirth, Christian and Jucker, Tommaso and van der Plas, Fons and Scherer-Lorenzen, Michael and Verheyen, Kris and Allan, Eric and Benavides, Raquel and Bruelheide, Helge and Ohse, Bettina and Paquette, Alain and Ampoorter, Evy and Bastias, Cristina C. and Bauhus, J{\"{u}}rgen and Bonal, Damien and Bouriaud, Olivier and Bussotti, Filippo and Carnol, Monique and Castagneyrol, Bastien and Che{\'{c}}ko, Ewa and Dawud, Seid Muhie and Wandeler, Hans De and Domisch, Timo and Fin{\'{e}}r, Leena and Fischer, Markus and Fotelli, Mariangela and Gessler, Arthur and Granier, Andr{\'{e}} and Grossiord, Charlotte and Guyot, Virginie and Haase, Josephine and H{\"{a}}ttenschwiler, Stephan and Jactel, Herv{\'{e}} and Jaroszewicz, Bogdan and Joly, Fran{\c{c}}ois-Xavier and Kambach, Stephan and Kolb, Simon and Koricheva, Julia and Liebersgesell, Mario and Milligan, Harriet and M{\"{u}}ller, Sandra and Muys, Bart and Nguyen, Diem and Nock, Charles and Pollastrini, Martina and Purschke, Oliver and Radoglou, Kalliopi and Raulund-Rasmussen, Karsten and Roger, Fabian and Ruiz-Benito, Paloma and Seidl, Rupert and Selvi, Federico and Seiferling, Ian and Stenlid, Jan and Valladares, Fernando and Vesterdal, Lars and Baeten, Lander},
	Doi = {10.1111/ele.12849},
	Isbn = {1461-0248},
	Journal = {Ecology Letters},
	Pages = {1414--1426},
	Title = {{Biodiversity and ecosystem functioning relations in European forests depend on environmental context}},
	Year = {2017}
}
@article{Ratnam2011,
  doi = {10.1111/j.1466-8238.2010.00634.x},
  year = 2011,
  volume = {20},
  number = {5},
  pages = {653--660},
  author = {Jayashree Ratnam and William J. Bond and Rod J. Fensham and William A. Hoffmann and Sally Archibald and Caroline E. R. Lehmann and Michael T. Anderson and Steven I. Higgins and Mahesh Sankaran},
  title = {When is a `forest' a savanna, and why does it matter?},
  journal = {Global Ecology and Biogeography}
}
@article{Reich2012,
  doi = {10.1126/science.1217909},
  year = 2012,
  volume = {336},
  number = {6081},
  pages = {589--592},
  author = {P. B. Reich and D. Tilman and F. Isbell and K. Mueller and S. E. Hobbie and D. F. B. Flynn and N. Eisenhauer},
  title = {Impacts of Biodiversity Loss Escalate Through Time as Redundancy Fades},
  journal = {Science}
}
@article{Reich2014,
  doi = {10.1038/ngeo2284},
  year = 2014,
  volume = {7},
  number = {12},
  pages = {920--924},
  author = {Peter B. Reich and Sarah E. Hobbie and Tali D. Lee},
  title = {Plant growth enhancement by elevated {CO}2 eliminated by joint water and nitrogen limitation},
  journal = {Nature Geoscience}
}
@article{Roques2001,
	Author = {Roques, K. G. and O'Connor, T. G. and Watkinson, A. R.},
	Doi = {10.1046/j.1365-2664.2001.00567.x},
	Isbn = {1365-2664},
	Journal = {Journal of Applied Ecology},
	Number = {2},
	Pages = {268--280},
	Title = {{Dynamics of shrub encroachment in an African savanna: Relative influences of fire, herbivory, rainfall and density dependence}},
	Volume = {38},
	Year = {2001}
}
@article{Rosan2019,
  doi = {10.1029/2019gl082327},
  year = 2019,
  volume = {46},
  number = {12},
  pages = {6594--6603},
  author = {Thais M. Rosan and Luiz E. O. C. Arag{\~{a}}o and Imma Oliveras and Oliver L. Phillips and Yadvinder Malhi and Emanuel Gloor and Fabien H. Wagner},
  title = {Extensive 21st-Century Woody Encroachment in South America{\textquotesingle}s Savanna},
  journal = {Geophysical Research Letters}
}
@article{Ross2021,
  doi = {10.1038/s41558-021-01034-5},
  year = 2021,
  volume = {11},
  number = {5},
  pages = {449--455},
  author = {C. Wade Ross and Niall P. Hanan and Lara Prihodko and Julius Anchang and Wenjie Ji and Qiuyan Yu},
  title = {Woody-biomass projections and drivers of change in sub-Saharan Africa},
  journal = {Nature Climate Change}
}
@article{Ryan2011,
	Author = {Ryan, Casey M. and Williams, Mathew},
	Doi = {10.1890/09-1489.1},
	Isbn = {1051-0761},
	Journal = {Ecological Applications},
	Number = {1},
	Pages = {48--60},
	Title = {{How does fire intensity and frequency affect miombo woodland tree populations and biomass?}},
	Volume = {21},
	Year = {2011}
}
@article{Ryan2016,
	Author = {Ryan, Casey M. and Pritchard, Rose and McNicol, Iain and Owen, Matthew and Fisher, Janet A and Lehmann, Caroline},
	Doi = {10.1098/rstb.2015.0312},
	Isbn = {0962-8436},
	Journal = {Philosophical Transactions of the Royal Society B: Biological Sciences},
	Number = {1703},
	Pages = {20150312},
	Title = {{Ecosystem services from southern African woodlands and their future under global change}},
	Volume = {371},
	Year = {2016}
}
@article{Ryan2017,
  doi = {10.1111/nph.14262},
  year = 2017,
  publisher = {Wiley},
  volume = {213},
  number = {2},
  pages = {625--633},
  author = {Ryan, C. M. and Williams, M. and Grace, J. and Woollen, E. and Lehmann, C. E. R.},
  title = {Pre-rain green-up is ubiquitous across southern tropical Africa: implications for temporal niche separation and model representation},
  journal = {New Phytologist}
}
@article{Sankaran2004,
  doi = {10.1111/j.1461-0248.2004.00596.x},
  year = 2004,
  volume = {7},
  number = {6},
  pages = {480--490},
  author = {Mahesh Sankaran and Jayashree Ratnam and Niall P. Hanan},
  title = {Tree-grass coexistence in savannas revisited - insights from an examination of assumptions and mechanisms invoked in existing models},
  journal = {Ecology Letters}
}
@article{Sankaran2005,
  author = {Sankaran, M. and Hanan, N. P. and Scholes, R. J. and Ratnam, J. and Augustine, D. J. and Cade, B. S. and Gignoux, J. and Higgins, S. I. and {Le Roux}, X. and Ludwig, F. and Ardo, J. and Banyikwa, F. and Bronn, A. and Bucini, G. and Caylor, K. K. and Coughenour, M. B. and Diouf, A. and Ekaya, W. and Feral, C. J. and February, E. C. and Frost, P. G. H. and Hiernaux, P. and Hrabar, H. and Metzger, K. L. and Prins, H. H. T. and Ringrose, S. and Sea, W. and Tews, J. and Worden, J. and Zambatis, N.},
  title = {Determinants of woody cover in {African} savannas},
  year = 2005,
  journal = {Nature},
  volume = {438},
  number = {8},
  pages = {846--849},
  DOI = { http://dx.doi.org/10.1038/nature04070 }
}
@article{Sankaran2008,
  doi = {10.1111/j.1466-8238.2007.00360.x},
  year = 2008,
  volume = {17},
  number = {2},
  pages = {236--245},
  author = {Mahesh Sankaran and Jayashree Ratnam and Niall Hanan},
  title = {Woody cover in African savannas: the role of resources, fire and herbivory},
  journal = {Global Ecology and Biogeography}
}
@article{Scheiter2007,
  doi = {10.1086/521317},
  year = 2007,
  volume = {170},
  number = {4},
  pages = {587--601},
  author = {Simon Scheiter and Steven~I. Higgins},
  title = {Partitioning of Root and Shoot Competition and the Stability of Savannas},
  journal = {The American Naturalist}
}
@article{Scheiter2009,
  doi = {10.1111/j.1365-2486.2008.01838.x},
  year = 2009,
  volume = {15},
  number = {9},
  pages = {2224--2246},
  author = {Scheiter, S. and Higgins, S. I.},
  title = {Impacts of climate change on the vegetation of Africa: an adaptive dynamic vegetation modelling approach},
  journal = {Global Change Biology}
}
@book{Scherer-Lorenzen2014,
	Author = {Scherer-Lorenzen, M},
	Booktitle = {Forests and Global Change},
	Isbn = {9781107323506},
	Pages = {195--238},
	Title = {{The functional role of biodiversity in the context of global change}},
	Year = {2014}
}
@book{Scholes1993,
  author = {Scholes, R. J. and Walker, B. H.},
  title = {An {African} savanna. {Synthesis} of the {Nylsvley Study}},
  year = 1993,
  publisher = {Cambridge University Press},
  address = {Cambridge, United Kingdom},
}
@article{Scholes1997,
  Author = {Scholes, R. J. and Archer, S. R.},
  Journal = {Annual Review of Ecology and Systematics},
  Title = {{Tree grass interactions in sabannas - Scholes and Archer - 1997}},
  Year = {1997}
}
@book{Schulze1993,
  author = {Schulze, E. D. and Mooney, H. A.},
  title = {Biodiversity and Ecosystem Function},
  year = 1993,
  publisher = {Springer Berlin Heidelberg},
  address = {Berlin, Germany}
}
@article{Shackleton2007,
	Author = {Shackleton, Charlie M. and Shackleton, Sheona E. and Buiten, Erik and Bird, Neil},
	Doi = {10.1016/j.forpol.2006.03.004},
	Isbn = {1389-9341},
	Journal = {Forest Policy and Economics},
	Number = {5},
	Pages = {558--577},
	Title = {{The importance of dry woodlands and forests in rural livelihoods and poverty alleviation in South Africa}},
	Volume = {9},
	Year = {2007}
}
@article{Siebert2019,
  doi = {10.1002/ece3.5307},
  year = 2019,
  volume = {9},
  number = {13},
  pages = {7875--7891},
  author = {Frances Siebert and Niels Dreber},
  title = {Forb ecology research in dry African savannas: Knowledge, gaps, and future perspectives},
  journal = {Ecology and Evolution}
}
@article{Silveira2020,
  doi = {10.1111/rec.13202},
  year = 2020,
  volume = {28},
  number = {5},
  pages = {1067--1073},
  author = {Fernando A. O. Silveira and Andr{\'{e}} J. Arruda and William Bond and Giselda Durigan and Alessandra Fidelis and Kevin Kirkman and Rafael S. Oliveira and Gerhard E. Overbeck and Jer{\^{o}}nimo B. B Sansevero and Frances Siebert and Stefan J. Siebert and Truman P. Young and Elise Buisson},
  title = {Myth-busting tropical grassy biome restoration},
  journal = {Restoration Ecology}
}
@article{Sitch2015,
  doi = {10.5194/bg-12-653-2015},
  year = 2015,
  volume = {12},
  number = {3},
  pages = {653--679},
  author = {S. Sitch and P. Friedlingstein and N. Gruber and S. D. Jones and G. Murray-Tortarolo and A. Ahlström and S. C. Doney and H. Graven and C. Heinze and C. Huntingford and S. Levis and P. E. Levy and M. Lomas and B. Poulter and N. Viovy and S. Zaehle and N. Zeng and A. Arneth and G. Bonan and L. Bopp and J. G. Canadell and F. Chevallier and P. Ciais and R. Ellis and M. Gloor and P. Peylin and S. L. Piao and C. Le Qu{\'{e}}r{\'{e}} and B. Smith and Z. Zhu and R. Myneni},
  title = {Recent trends and drivers of regional sources and sinks of carbon dioxide},
  journal = {Biogeosciences}
}
@article{Smith2003,
	Author = {Smith, Melinda D. and Knapp, Alan K.},
	Doi = {10.1046/j.1461-0248.2003.00454.x},
	Journal = {Ecology Letters},
	Number = {6},
	Pages = {509--517},
	Title = {{Dominant species maintain ecosystem function with non-random species loss}},
	Volume = {6},
	Year = {2003}
}
@book{Solbrig1996,
	Author = {Solbrig, Otto T and Medina, Ernesto and Silva, J F},
	Booktitle = {Ecological studies: v. 121},
	Isbn = {3540579494},
	Title = {{Biodiversity and savanna ecosystem processes : a global perspective}},
	Year = {1996}
}
@article{Soliveres2016,
	Author = {Soliveres, Santiago and Manning, Peter and Prati, Daniel and Gossner, Martin M. and Alt, Fabian and Arndt, Hartmut and Baumgartner, Vanessa and Binkenstein, Julia and Birkhofer, Klaus and Blaser, Stefan and Bl{\"{u}}thgen, Nico and Boch, Steffen and B{\"{o}}hm, Stefan and B{\"{o}}rschig, Carmen and Buscot, Francois and Diek{\"{o}}tter, Tim and Heinze, Johannes and H{\"{o}}lzel, Norbert and Jung, Kirsten and Klaus, Valentin H. and Klein, Alexandra-Maria and Kleinebecker, Till and Klemmer, Sandra and Krauss, Jochen and Lange, Markus and Morris, E. Kathryn and M{\"{u}}ller, J{\"{o}}rg and Oelmann, Yvonne and Overmann, J{\"{o}}rg and Pa{\v{s}}ali{\'{c}}, Esther and Renner, Swen C. and Rillig, Matthias C. and Schaefer, H. Martin and Schloter, Michael and Schmitt, Barbara and Sch{\"{o}}ning, Ingo and Schrumpf, Marion and Sikorski, Johannes and Socher, Stephanie A. and Solly, Emily F. and Sonnemann, Ilja and Sorkau, Elisabeth and Steckel, Juliane and Steffan-Dewenter, Ingolf and Stempfhuber, Barbara and Tschapka, Marco and T{\"{u}}rke, Manfred and Venter, Paul and Weiner, Christiane N. and Weisser, Wolfgang W. and Werner, Michael and Westphal, Catrin and Wilcke, Wolfgang and Wolters, Volkmar and Wubet, Tesfaye and Wurst, Susanne and Fischer, Markus and Allan, Eric},
	Doi = {10.1098/rstb.2015.0269},
	Journal = {Philosophical Transactions of the Royal Society B: Biological Sciences},
	Number = {1694},
	Pages = {20150269},
	Title = {{Locally rare species influence grassland ecosystem multifunctionality}},
	Volume = {371},
	Year = {2016}
}
@article{Srivastava2005a,
	Author = {Srivastava, Diane S. and Vellend, Mark},
	Doi = {10.1146/annurev.ecolsys.36.102003.152636},
	Isbn = {1543-592X},
	Journal = {Annual Review of Ecology, Evolution, and Systematics},
	Number = {1},
	Pages = {267--294},
	Title = {{Biodiversity-Ecosystem Function Research: Is It Relevant to Conservation?}},
	Volume = {36},
	Year = {2005}
}
@article{Staver2011,
  doi = {10.1890/10-1684.1},
  year = 2011,
  volume = {92},
  number = {5},
  pages = {1063--1072},
  author = {A. Carla Staver and Sally Archibald and Simon Levin},
  title = {Tree cover in sub-Saharan Africa: Rainfall and fire constrain forest and savanna as alternative stable states},
  journal = {Ecology}
}
@inbook{Staver2015,
  title = {Top-down and bottom-up interactions determine tree and herbaceous layer dynamics in savanna grasslands},
  author = {Staver, A. C. and Koerner, S. E.},
  year = 2015,
  publisher = {Cambridge University Press},
  address = {Cambridge, United Kingdom},
  booktitle = {Trophic Ecology: {Bottom-up} and Top-Down Interactions Across Aquatic and Terrestrial Systems},
  editor = {{La Pierre}, K. J. and Hanley, T. C.},
  pages = {86--106}
}
@article{Staver2017,
  doi = {10.1111/nph.14738},
  year = 2017,
  volume = {216},
  number = {4},
  pages = {1151--1160},
  author = {A. Carla Staver and Judith Botha and Lars Hedin},
  title = {Soils and fire jointly determine vegetation structure in an African savanna},
  journal = {New Phytologist}
}
@article{Steudel2012,
  doi = {10.1111/j.1461-0248.2012.01863.x},
  year = 2012,
  volume = {15},
  number = {12},
  pages = {1397--1405},
  author = {Bastian Steudel and Andy Hector and Thomas Friedl and Christian L\"{o}fke and Maike Lorenz and Moritz Wesche and Michael Kessler},
  editor = {Mark Gessner},
  title = {Biodiversity effects on ecosystem functioning change along environmental stress gradients},
  journal = {Ecology Letters}
}
@article{Stevens2016,
  doi = {10.1111/gcb.13409},
  year = 2016,
  volume = {23},
  number = {1},
  pages = {235--244},
  author = {Nicola Stevens and Caroline E. R. Lehmann and Brett P. Murphy and Giselda Durigan},
  title = {Savanna woody encroachment is widespread across three continents},
  journal = {Global Change Biology}
}
@article{Still2003,
  doi = {10.1029/2001gb001807},
  year = 2003,
  volume = {17},
  number = {1},
  pages = {6--1--6--14},
  author = {Christopher J. Still and Joseph A. Berry and G. James Collatz and Ruth S. DeFries},
  title = {Global distribution of C3 and C4 vegetation: Carbon cycle implications},
  journal = {Global Biogeochemical Cycles}
}
@article{Tilman1994,
	Author = {Tilman, David and Downing, John A.},
	Doi = {10.1038/367363a0},
	Isbn = {0028-0836},
	Journal = {Nature},
	Number = {6461},
	Pages = {363--365},
	Title = {{Biodiversity and stability in grasslands}},
	Volume = {367},
	Year = {1994}
}
@article{Tilman2012a,
	Author = {Tilman, D. and Reich, P. B. and Isbell, F.},
	Doi = {10.1073/pnas.1208240109},
	Isbn = {0027-8424},
	Journal = {Proceedings of the National Academy of Sciences},
	Number = {26},
	Pages = {10394--10397},
	Title = {{Biodiversity impacts ecosystem productivity as much as resources, disturbance, or herbivory}},
	Volume = {109},
	Year = {2012}
}
@article{Tilman2014,
	Author = {Tilman, G. David and Isbell, Forest and Cowles, J. M.},
	Doi = {10.1146/annurev-ecolsys-120213-091917},
	Journal = {Annual Review of Ecology, Evolution and Systematics},
	Pages = {471--493},
	Title = {{Biodiversity and Ecosystem Functioning}},
	Volume = {45},
	Year = {2014}
}
@book{Timberlake1993,
  author = {Timberlake, J. R. and Calvert, G. M. and Morris, J. A. and {Forestry Commission}},
  title = {Preliminary root atlas for Zimbabwe and Zambia},
  year = 1993,
  publisher = {Forest Research Centre}
}
@article{Tobner2016,
	Author = {Tobner, Cornelia M. and Paquette, Alain and Gravel, Dominique and Reich, Peter B. and Williams, Laura J. and Messier, Christian},
	Doi = {10.1111/ele.12600},
	Isbn = {1461-0248},
	Journal = {Ecology Letters},
	Number = {6},
	Pages = {638--647},
	Title = {{Functional identity is the main driver of diversity effects in young tree communities}},
	Volume = {19},
	Year = {2016}
}
@article{Tomlinson2012,
  doi = {10.1111/j.1365-2745.2012.01975.x},
  year = 2012,
  volume = {100},
  number = {5},
  pages = {1113--1121},
  author = {Kyle W. Tomlinson and Frank J. Sterck and Frans Bongers and Dulce A. da Silva and Eduardo R. M. Barbosa and David Ward and Freek T. Bakker and Martijn van Kaauwen and Herbert H. T. Prins and Steven de Bie and Frank van Langevelde},
  title = {Biomass partitioning and root morphology of savanna trees across a water gradient},
  journal = {Journal of Ecology}
}
@article{Torello2013,
	Author = {Torello-Raventos, Mireia and Feldpausch, Ted R. and Veenendaal, Elmar and Schrodt, Franziska and Saiz, Gustavo and Domingues, Tomas F. and Djagbletey, Gloria and Ford, Andrew and Kemp, Jeanette and Marimon, Beatriz S. and {Hur Marimon Junior}, Ben and Lenza, Eddie and Ratter, James A. and Maracahipes, Leandro and Sasaki, Denise and Sonk{\'{e}}, Bonaventure and Zapfack, Louis and Taedoumg, Hermann and Villarroel, Daniel and Schwarz, Michael and Quesada, Carlos A. and {Yoko Ishida}, F. and Nardoto, Gabriela B. and Affum-Baffoe, Kofi and Arroyo, Luzmilla and Bowman, David M. J. S. and Compaore, Halidou and Davies, Kalu and Diallo, Adama and Fyllas, Nikolaos M. and Gilpin, Martin and Hien, Fid{\`{e}}le and Johnson, Michelle and Killeen, Timothy J. and Metcalfe, Daniel and Miranda, Heloisa S. and Steininger, Mark and Thomson, John and Sykora, Karle and Mougin, Eric and Hiernaux, Pierre and Bird, Michael I. and Grace, John and Lewis, Simon L. and Phillips, Oliver L. and Lloyd, Jon},
	Journal = {Plant Ecology and Diversity},
	Number = {1},
	Pages = {101--137},
	Title = {{On the delineation of tropical vegetation types with an emphasis on forest/savanna transitions}},
	Volume = {6},
	Year = {2013}
}
@article{Turnbull2016,
	Author = {Turnbull, Lindsay A. and Isbell, Forest and Purves, Drew W. and Loreau, Michel and Hector, Andy},
	Doi = {10.1098/rspb.2016.0536},
	Isbn = {0000000213097},
	Journal = {Proceedings of the Royal Society B: Biological Sciences},
	Number = {1844},
	Pages = {20160536},
	Title = {{Understanding the value of plant diversity for ecosystem functioning through niche theory}},
	Volume = {283},
	Year = {2016}
}
@article{Urban2017,
	Author = {Urban, Josef and Ingwers, Miles and McGuire, Mary Anne and Teskey, Robert O.},
	Doi = {10.1080/15592324.2017.1356534},
	Journal = {Plant Signaling and Behavior},
	Number = {8},
	Pages = {1--4},
	Title = {{Stomatal conductance increases with rising temperature}},
	Volume = {12},
	Year = {2017}
}
@article{Vadigi2013,
	Author = {Vadigi, Snehalatha and Ward, David},
	Doi = {10.1890/ES13-00239.1},
	Isbn = {2150-8925},
	Journal = {Ecosphere},
	Number = {11},
	Pages = {art142},
	Title = {{Shade, nutrients, and grass competition are important for tree sapling establishment in a humid savanna}},
	Volume = {4},
	Year = {2013}
}
@article{Veldman2015,
  doi = {10.1890/140270},
  year = 2015,
  volume = {13},
  number = {3},
  pages = {154--162},
  author = {Joseph W Veldman and Elise Buisson and Giselda Durigan and G Wilson Fernandes and Soizig Le Stradic and Gregory Mahy and Daniel Negreiros and Gerhard E Overbeck and Robin G Veldman and Nicholas P Zaloumis and Francis E Putz and William J Bond},
  title = {Toward an old-growth concept for grasslands, savannas, and woodlands},
  journal = {Frontiers in Ecology and the Environment}
}
@article{Veldman2016,
  doi = {10.1098/rstb.2015.0306},
  year = 2016,
  volume = {371},
  number = {1703},
  pages = {20150306},
  author = {Joseph W. Veldman},
  title = {Clarifying the confusion: old-growth savannahs and tropical ecosystem degradation},
  journal = {Philosophical Transactions of the Royal Society B: Biological Sciences}
}
@article{Vergles2015,
	Author = {Vergles, E. and Djoudi, H. and Blackie, R R and Koame, C Koffi and Gautier, D},
	Doi = {10.1505/146554815815834868},
	Isbn = {14655489, 20537778},
	Journal = {International Forestry Review},
	Number = {S2},
	Pages = {54--69},
	Title = {{Dry Forests, Livelihoods and Poverty Alleviation: Understanding Current Trends}},
	Volume = {17},
	Year = {2015}
}
@article{Violle2017,
	Author = {Violle, Cyrille and Thuiller, Wilfried and Mouquet, Nicolas and Munoz, Fran{\c{c}}ois and Kraft, Nathan J. B. and Cadotte, Marc W. and Livingstone, Stuart W. and Mouillot, David},
	Doi = {10.1016/j.tree.2017.02.002},
	Isbn = {0169-5347},
	Journal = {Trends in Ecology and Evolution},
	Number = {5},
	Pages = {356--367},
	Title = {{Functional Rarity: The Ecology of Outliers}},
	Volume = {32},
	Year = {2017}
}
@article{Vitousek1997,
	Author = {Vitousek, Peter M and Mooney, Harold a and Lubchenco, Jane and Melillo, Jerry M},
	Doi = {10.1126/science.277.5325.494},
	Isbn = {0471400300},
	Journal = {Science},
	Number = {5325},
	Pages = {494--499},
	Title = {{Human Domination of Earth' s Ecosystems}},
	Volume = {277},
	Year = {1997}
}
@article{Wakeling2011,
	Author = {Wakeling, Julia L. and Staver, A. Carla and Bond, William J.},
	Doi = {10.1111/j.1600-0706.2011.19957.x},
	Isbn = {3290109356},
	Journal = {Oikos},
	Number = {10},
	Pages = {1448--1451},
	Title = {{Simply the best: The transition of savanna saplings to trees}},
	Volume = {120},
	Year = {2011}
}
@article{Wakeling2015,
  doi = {10.1016/j.sajb.2014.09.007},
  year = 2015,
  volume = {101},
  pages = {91--97},
  author = {J. L. Wakeling and W. J. Bond and M. Ghaui and E. C. February},
  title = {Grass competition and the savanna-grassland `treeline': A question of root gaps?},
  journal = {South African Journal of Botany}
}
@book{Walter1971,
  author = {Walter, H.},
  title = {Ecology of tropical and sub-tropical vegetation},
  year = 1971,
  publisher = {Oliver and Boyd},
  address = {Edinburgh, United Kingdom}
}
@article{Watson2016,
  doi = {10.1111/conl.12295},
  year = 2016,
  volume = {9},
  number = {6},
  pages = {413--421},
  author = {James E. M. Watson and Kendall R. Jones and Richard A. Fuller and Moreno Di Marco and Daniel B. Segan and Stuart H. M. Butchart and James R. Allan and Eve McDonald-Madden and Oscar Venter},
  title = {Persistent Disparities between Recent Rates of Habitat Conversion and Protection and Implications for Future Global Conservation Targets},
  journal = {Conservation Letters}
}
@article{Weltzin1999,
  doi = {10.1890/0012-9615(1999)069[0513:focsra]2.0.co;2},
  year = 1999,
  volume = {69},
  number = {4},
  pages = {513--534},
  author = {Jake F. Weltzin and Guy R. McPherson},
  title = {{FACILITATION} {OF} {CONSPECIFIC} {SEEDLING} {RECRUITMENT} {AND} {SHIFTS} {IN} {TEMPERATE} {SAVANNA} {ECOTONES}},
  journal = {Ecological Monographs}
}
@article{Werf2010,
  doi = {10.5194/acp-10-11707-2010},
  year = 2010,
  volume = {10},
  number = {23},
  pages = {11707--11735},
  author = {G. R. van der Werf and J. T. Randerson and L. Giglio and G. J. Collatz and M. Mu and P. S. Kasibhatla and D. C. Morton and R. S. DeFries and Y. Jin and T. T. van Leeuwen},
  title = {Global fire emissions and the contribution of deforestation, savanna, forest, agricultural, and peat fires (1997{\textendash}2009)},
  journal = {Atmospheric Chemistry and Physics}
}
@article{Werf2017,
  doi = {10.5194/essd-9-697-2017},
  year = 2017,
  volume = {9},
  number = {2},
  pages = {697--720},
  author = {Guido R. van der Werf and James T. Randerson and Louis Giglio and Thijs T. van Leeuwen and Yang Chen and Brendan M. Rogers and Mingquan Mu and Margreet J. E. van Marle and Douglas C. Morton and G. James Collatz and Robert J. Yokelson and Prasad S. Kasibhatla},
  title = {Global fire emissions estimates during 1997{\textendash}2016},
  journal = {Earth System Science Data}
}
@inbook{Werger1978,
  doi = {10.1007/978-94-009-9951-0_10},
  year = 1978,
  publisher = {Springer Netherlands},
  pages = {301--462},
  author = {M. J. A. Werger and B. J. Coetzee},
  title = {The Sudano-Zambezian Region},
  booktitle = {Biogeography and Ecology of Southern Africa}
}
@book{White1983,
	Address = {Paris},
	Author = {White, F.},
	Pages = {356},
	Publisher = {UNESCO Press},
	Title = {{White, F. (1983) The Vegetation of Africa}},
	Year = {1983}}

@inbook{Wilk2010,
  Address = {Dordrecht, Netherlands},
  Author = {Wilk, J. and Andersson, L. and Wolski, P. and Kgathi, D. and Ringrose, S. and Vanderpost, C.},
  Booktitle = {Integrated Watershed Management: Perspectives and Problems},
  Chapter = {Changing F},
  Editor = {Beheim, E. and Rajwar, G. S. and Haigh, M. J. and Kre{\v{c}}ek, J.},
  Pages = {99--113},
  Publisher = {Springer},
  Title = {{Changing Flow in the Okavango Basin: Upstream Developments and Downstream Effects}},
  Year = {2010}}
@article{Wiegand2006,
  doi = {10.1016/j.ppees.2005.10.001},
  year = 2006,
  volume = {7},
  number = {4},
  pages = {229--242},
  author = {Wiegand, K. and Saltz, D. and Ward, D.},
  title = {A patch-dynamics approach to savanna dynamics and woody plant encroachment {\textendash} Insights from an arid savanna},
  journal = {Perspectives in Plant Ecology, Evolution and Systematics}
}
@article{Wigley2019,
  doi = {10.1007/s11104-019-04145-3},
  year = 2019,
  volume = {441},
  number = {1-2},
  pages = {555--565},
  author = {Benjamin J. Wigley and A. Carla Staver and Roma Zytkowiak and Andrzej M. Jagodzinski and Corli Wigley-Coetsee},
  title = {Root trait variation in African savannas},
  journal = {Plant and Soil}
}
@article{Williams1997,
  doi = {10.1890/0012-9658(1997)078[2542:lpowsi]2.0.co;2},
  year = 1997,
  publisher = {Wiley},
  volume = {78},
  number = {8},
  pages = {2542--2558},
  author = {R. J. Williams and B. A. Myers and W. J. Muller and G. A. Duff and D. Eamus},
  title = {{LEAF} {PHENOLOGY} {OF} {WOODY} {SPECIES} {IN} A {NORTH} {AUSTRALIAN} {TROPICAL} {SAVANNA}},
  journal = {Ecology}
}
@article{Williams2005,
  doi = {10.1111/j.1365-2486.2004.00891.x},
  year = 2005,
  volume = {11},
  number = {1},
  pages = {89--105},
  author = {Mathew Williams and Paul A. Schwarz and Beverly E. Law and James Irvine and Meredith R. Kurpius},
  title = {An improved analysis of forest carbon dynamics using data assimilation},
  journal = {Global Change Biology}
}
@article{Wright2017,
	Author = {Wright, Alexandra J. and Wardle, David A. and Callaway, Ragan and Gaxiola, Aurora},
	Doi = {10.1016/j.tree.2017.02.011},
	Isbn = {0169-5347},
	Journal = {Trends in Ecology and Evolution},
	Number = {5},
	Pages = {383--390},
	Title = {{The Overlooked Role of Facilitation in Biodiversity Experiments}},
	Volume = {32},
	Year = {2017}
}
@article{Wright2021,
  doi = {10.1111/1365-2745.13665},
  year = 2021,
  volume = {109},
  number = {5},
  pages = {1962--1968},
  author = {Alexandra J. Wright and Kathryn E. Barry and Christopher J. Lortie and Ragan M. Callaway},
  editor = {Mark Rees},
  title = {Biodiversity and ecosystem functioning: Have our experiments and indices been underestimating the role of facilitation?},
  journal = {Journal of Ecology}
}
@article{Wunder2014a,
	Author = {Wunder, Sven and Angelsen, Arild and Belcher, Brian},
	Doi = {10.1016/j.worlddev.2014.03.007},
	Journal = {World Development},
	Language = {en},
	Month = {dec},
	Pages = {S1--S11},
	Shorttitle = {Forests, Livelihoods, and Conservation},
	Title = {{Forests, Livelihoods, and Conservation: Broadening the Empirical Base}},
	Volume = {64},
	Year = {2014}
}
@article{Wunder2014,
	Author = {Wunder, Sven and Angelsen, Arild and Belcher, Brian},
	Doi = {10.1016/j.worlddev.2014.03.007},
	Journal = {World Development},
	Pages = {S1--S11},
	Title = {Forests, {Livelihoods}, and {Conservation}: {Broadening} the {Empirical} {Base}},
	Volume = {64},
	Year = {2014}
}
@article{Xu2015,
  doi = {10.1073/pnas.1517382112},
  year = 2015,
  volume = {112},
  number = {42},
  pages = {12992--12996},
  author = {Xiangtao Xu and David Medvigy and Ignacio Rodriguez-Iturbe},
  title = {Relation between rainfall intensity and savanna tree abundance explained by water use strategies},
  journal = {Proceedings of the National Academy of Sciences}
}
@article{Yachi1999a,
	Author = {Yachi, S. and Loreau, M.},
	Doi = {10.1073/pnas.96.4.1463},
	Isbn = {0027-8424},
	Journal = {Proceedings of the National Academy of Sciences},
	Number = {4},
	Pages = {1463--1468},
	Title = {{Biodiversity and ecosystem productivity in a fluctuating environment: The insurance hypothesis}},
	Volume = {96},
	Year = {1999}
}
@article{Zhang2012,
	Author = {Zhang, Yu and Chen, Han Y. H. and Reich, Peter B.},
	Doi = {10.1111/j.1365-2745.2011.01944.x},
	Isbn = {1365-2745},
	Journal = {Journal of Ecology},
	Month = {may},
	Number = {3},
	Pages = {742--749},
	Title = {{Forest productivity increases with evenness, species richness and trait variation: a global meta-analysis}},
	Volume = {100},
	Year = {2012}
}
@article{Mori2012,
  doi = {10.1111/brv.12004},
  year = 2012,
  publisher = {Wiley},
  volume = {88},
  number = {2},
  pages = {349--364},
  author = {Akira S. Mori and Takuya Furukawa and Takehiro Sasaki},
  title = {Response diversity determines the resilience of ecosystems to environmental change},
  journal = {Biological Reviews}
}
@article{Diaz2001,
  doi = {10.1016/s0169-5347(01)02283-2},
  year = 2001,
  publisher = {Elsevier {BV}},
  volume = {16},
  number = {11},
  pages = {646--655},
  author = {Sandra D\'{i}az and Marcelo Cabido},
  title = {Vive la diff{\'{e}}rence: plant functional diversity matters to ecosystem processes},
  journal = {Trends in Ecology {\&} Evolution}
}
@article{Stevens2016b,
  doi = {10.1098/rstb.2015.0437},
  year = 2016,
  publisher = {The Royal Society},
  volume = {371},
  number = {1703},
  pages = {20150437},
  author = {Nicola Stevens and B. F. N. Erasmus and S. Archibald and W. J. Bond},
  title = {Woody encroachment over 70 years in South African savannahs: overgrazing, global change or extinction aftershock?},
  journal = {Philosophical Transactions of the Royal Society B: Biological Sciences}
}
@article{Danescu2016,
	doi = {10.1007/s00442-016-3623-4},
	url = {https://doi.org/10.1007%2Fs00442-016-3623-4},
	year = 2016,
	month = {apr},
	publisher = {Springer Science and Business Media {LLC}},
	volume = {182},
	number = {2},
	pages = {319--333},
	author = {Adrian D{\u{a}}nescu and Axel T. Albrecht and Jürgen Bauhus},
	title = {Structural diversity promotes productivity of mixed, uneven-aged forests in southwestern Germany}
}
