@article{Fick2017,
  author = {Fick, S. E. and Hijmans, R. J.},
  title = {WorldClim 2: {New} 1-km spatial resolution climate surfaces for global land areas},
  year = 2017,
  journal = {International Journal of Climatology},
  volume = {37},
  number = {12},
  pages = {4302--4315},
  DOI = { http://dx.doi.org/10.1002/joc.5086 }
}

@article{SEOSAW2020,
  doi = {10.1002/ppp3.10168},
  year = 2020,
  publisher = {Wiley},
  title = {A network to understand the changing socio-ecology of the southern African woodlands ({SEOSAW}): Challenges, benefits, and methods},
  author = {{SEOSAW}},
  journal = {Plants, People, Planet}
}

@article{Panzou2020,
  doi = {10.1111/geb.13231},
  year = 2020,
  publisher = {Wiley},
  volume = {30},
  number = {2},
  pages = {459--475},
  author = {Grace Jopaul Loubota Panzou and Adeline Fayolle and Tommaso Jucker
            and Oliver L. Phillips and Stephanie Bohlman and Lindsay F. Banin
            and Simon L. Lewis and Kofi Affum-Baffoe and Luciana F. Alves and
            C{\'{e}}cile Antin and Eric Arets and Luzmila Arroyo and Timothy R.
            Baker and Nicolas Barbier and Hans Beeckman and Uta Berger and
            Yannick Enock Bocko and Frans Bongers and Sam Bowers and Thom Brade
            and Eduardo S. Brondizio and Arthur Chantrain and Jerome Chave and
            Halidou Compaore and David Coomes and Adama Diallo and Arildo S.
            Dias and Kangb{\'{e}}ni Dimobe and Gloria Djaney Djagbletey and
            Tomas Domingues and Jean-Louis Doucet and Thomas Drouet and Eric
            Forni and John L. Godlee and Rosa C. Goodman and Sylvie
            Gourlet-Fleury and Fidele Hien and Yoshiko Iida and Bhely Angoboy
            Ilondea and Jonathan Ilunga Muledi and Pierre Jacques and Shem Kuyah
            and Jorge L{\'{o}}pez-Portillo and Jean Jo\"{e}l Loumeto and Ben Hur Marimon-Junior and Beatriz Schwantes Marimon and Sylvanus Mensah and Edward T. A. Mitchard and Glenn R. Moncrieff and Ayyappan Narayanan and Sean T. O'Brien and Korotimi Ouedraogo and Michael W. Palace and Raphael Pelissier and Pierre Ploton and Lourens Poorter and Casey M. Ryan and Gustavo Saiz and Karin Santos and Michael Schlund and Giacomo Sellan and Bonaventure Sonke and Frank Sterck and Quentin Thibaut and Yorick Van Hoef and Elmar Veenendaal and Alejandra G. Vovides and Yaozhan Xu and Tze Leong Yao and Ted R. Feldpausch},
  editor = {Andrew Kerkhoff},
  title = {Pantropical variability in tree crown allometry},
  journal = {Global Ecology and Biogeography}
}

@book{White1983,
  author = {White, F.},
  title = {The Vegetation of {Africa}: {A} descriptive memoir to accompany the {UNESCO AETFAT UNSO} vegetation map of {Africa.}},
  year = 1983,
  publisher = {UNESCO},
  address = {Paris, France},
  DOI = { http://dx.doi.org/10.2307/2260340 }
}

@article{Bogdanovich2021,
  doi = {10.1016/j.foreco.2021.118945},
  year = 2021,
  publisher = {Elsevier {BV}},
  volume = {486},
  pages = {118945},
  author = {Ekaterina Bogdanovich and Oscar Perez-Priego and Tarek S. El-Madany and Marcus Guderle and Javier Pacheco-Labrador and Shaun R. Levick and Gerardo Moreno and Arnaud Carrara and M. Pilar Mart{\'{\i}}n and Mirco Migliavacca},
  title = {Using terrestrial laser scanning for characterizing tree structural parameters and their changes under different management in a Mediterranean open woodland},
  journal = {Forest Ecology and Management}
}

@article{Srinivasan2015,
  doi = {10.3390/rs70201877},
  year = 2015,
  publisher = {{MDPI} {AG}},
  volume = {7},
  number = {2},
  pages = {1877--1896},
  author = {Shruthi Srinivasan and Sorin Popescu and Marian Eriksson and Ryan Sheridan and Nian-Wei Ku},
  title = {Terrestrial Laser Scanning as an Effective Tool to Retrieve Tree Level Height, Crown Width, and Stem Diameter},
  journal = {Remote Sensing}
}

@article{Ravaglia2019,
  doi = {10.3390/f10070599},
  year = 2019,
  publisher = {{MDPI} {AG}},
  volume = {10},
  number = {7},
  pages = {599},
  author = {Ravaglia and  Fournier and  Bac and  V{\'{e}}ga and  C{\^{o}}t{\'{e}} and  Piboule and  R{\'{e}}millard},
  title = {Comparison of Three Algorithms to Estimate Tree Stem Diameter from Terrestrial Laser Scanner Data},
  journal = {Forests}
}

@article{Hopkinson2004,
  doi = {10.1139/x03-225},
  year = 2004,
  publisher = {Canadian Science Publishing},
  volume = {34},
  number = {3},
  pages = {573--583},
  author = {Chris Hopkinson and Laura Chasmer and Colin Young-Pow and Paul Treitz},
  title = {Assessing forest metrics with a ground-based scanning lidar},
  journal = {Canadian Journal of Forest Research}
}

@article{Chave2014,
author = {Chave, J. and R{\'{e}}jou-M{\'{e}}chain, M. and B{\'{u}}rquez, A. and Chidumayo, E. and Colgan, M. S. and Delitti, W. B. C. and Duque, A. and Eid, T. and Fearnside, P. M. and Goodman, R. C. and Henry, M. and Mart{\'{i}}nez-Yr{\'{i}}zar, A. and Mugasha, W. A. and Muller-Landau, H. C. and Mencuccini, M. and Nelson, B. W. and Ngomanda, A. and Nogueira, E. M. and Ortiz-Malavassi, E. and P{\'{e}}lissier, R. and Ploton, P. and Ryan, C. M. and Saldarriaga, J. G. and Vieilledent, G.},
  title = {Improved allometric models to estimate the aboveground biomass of tropical trees},
  year = 2014,
  journal = {Global Change Biology},
  volume = {20},
  number = {10},
  pages = {3177--3190},
  DOI = { http://dx.doi.org/10.1111/gcb.12629 }
}

@article{Chave2019,
  doi = {10.1007/s10712-019-09528-w},
  year = 2019,
  publisher = {Springer Science and Business Media {LLC}},
  volume = {40},
  number = {4},
  pages = {863--880},
  author = {J{\'{e}}r{\^{o}}me Chave and Stuart J. Davies and Oliver L. Phillips and Simon L. Lewis and Plinio Sist and Dmitry Schepaschenko and John Armston and Tim R. Baker and David Coomes and Mathias Disney and Laura Duncanson and Bruno H{\'{e}}rault and Nicolas Labri{\`{e}}re and Victoria Meyer and Maxime R{\'{e}}jou-M{\'{e}}chain and Klaus Scipal and Sassan Saatchi},
  title = {Ground Data are Essential for Biomass Remote Sensing Missions},
  journal = {Surveys in Geophysics}
}

@incollection{Mikkelsen2013,
  doi = {10.1016/b978-0-08-098349-3.00022-0},
  year = 2013,
  publisher = {Elsevier},
  pages = {475--496},
  author = {Teis N{\o}rgaard Mikkelsen and Nicholas Clarke and Alina Danielewska and Richard Fischer},
  title = {Towards Supersites in Forest Ecosystem Monitoring and Research},
  booktitle = {Developments in Environmental Science}
}

@online{SASSCAL_weather,
  author = {{SASSCAL}},
  title = {SASSCAL WeatherNet},
  year = 2020,
  url = {www.sasscalweathernet.org},
  urldate = {2021-04-26}
}

@article{Goring2014,
  doi = {10.1890/120370},
  year = 2014,
  publisher = {Wiley},
  volume = {12},
  number = {1},
  pages = {39--47},
  author = {Simon J Goring and Kathleen C Weathers and Walter K Dodds and
            Patricia A Soranno and Lynn C Sweet and Kendra S Cheruvelil and John
            S Kominoski and Janine R\"{u}egg and Alexandra M Thorn and Ryan M Utz},
  title = {Improving the culture of interdisciplinary collaboration in ecology by expanding measures of success},
  journal = {Frontiers in Ecology and the Environment}
}

@article{Hampton2015,
  doi = {10.1890/es14-00402.1},
  year = 2015,
  publisher = {Wiley},
  volume = {6},
  number = {7},
  pages = {art120},
  author = {Stephanie E. Hampton and Sean S. Anderson and Sarah C. Bagby and Corinna Gries and Xueying Han and Edmund M. Hart and Matthew B. Jones and W. Christopher Lenhardt and Andrew MacDonald and William K. Michener and Joe Mudge and Afshin Pourmokhtarian and Mark P. Schildhauer and Kara H. Woo and Naupaka Zimmerman},
  title = {The Tao of open science for ecology},
  journal = {Ecosphere}
}

@article{Aleman2020,
  doi = {10.1073/pnas.2011515117},
  year = 2020,
  publisher = {Proceedings of the National Academy of Sciences},
  volume = {117},
  number = {45},
  pages = {28183--28190},
  author = {J. C. Aleman and A. Fayolle and C. Favier and A. C. Staver and K. G. Dexter and C. M. Ryan and A. F. Azihou and D. Bauman and M. te Beest and E. N. Chidumayo and J. A. Comiskey and J. P. G. M. Cromsigt and H. Dessard and J.-L. Doucet and M. Finckh and J.-F. Gillet and S. Gourlet-Fleury and G. P. Hempson and R. M. Holdo and B. Kirunda and F. N. Kouame and G. Mahy and F. Maiato P. Gon{\c{c}}alves and I. McNicol and P. Nieto Quintano and A. J. Plumptre and R. C. Pritchard and R. Revermann and C. B. Schmitt and A. M. Swemmer and H. Talila and E. Woollen and M. D. Swaine},
  title = {Floristic evidence for alternative biome states in tropical Africa},
  journal = {Proceedings of the National Academy of Sciences}
}

@article{Exbrayat2019,
  doi = {10.1007/s10712-019-09506-2},
  year = 2019,
  publisher = {Springer Science and Business Media {LLC}},
  volume = {40},
  number = {4},
  pages = {735--755},
  author = {Jean-Fran{\c{c}}ois Exbrayat and A. Anthony Bloom and Nuno Carvalhais and Rico Fischer and Andreas Huth and Natasha MacBean and Mathew Williams},
  title = {Understanding the Land Carbon Cycle with Space Data: Current Status and Prospects},
  journal = {Surveys in Geophysics}
}

@article{GeorgeChacon2019,
  doi = {10.1016/j.ecolind.2019.02.015},
  year = 2019,
  publisher = {Elsevier {BV}},
  volume = {101},
  pages = {975--984},
  author = {Stephanie P. George-Chacon and Juan Manuel Dupuy and Alicia Peduzzi and J. Luis Hernandez-Stefanoni},
  title = {Combining high resolution satellite imagery and lidar data to model woody species diversity of tropical dry forests},
  journal = {Ecological Indicators}
}

@article{Wagner2018,
  doi = {10.1016/j.isprsjprs.2018.09.013},
  year = 2018,
  publisher = {Elsevier {BV}},
  volume = {145},
  pages = {362--377},
  author = {Fabien Hubert Wagner and Matheus Pinheiro Ferreira and Alber Sanchez and Mayumi C.M. Hirye and Maciel Zortea and Emanuel Gloor and Oliver L. Phillips and Carlos Roberto de Souza Filho and Yosio Edemir Shimabukuro and Luiz E.O.C. Arag{\~{a}}o},
  title = {Individual tree crown delineation in a highly diverse tropical forest using very high resolution satellite images},
  journal = {{ISPRS} Journal of Photogrammetry and Remote Sensing}
}

@article{Anderson2018,
  doi = {10.1111/ele.13106},
  year = 2018,
  publisher = {Wiley},
  volume = {21},
  number = {10},
  pages = {1572--1585},
  author = {Christopher B. Anderson},
  editor = {Nick Haddad},
  title = {Biodiversity monitoring, earth observations and the ecology of scale},
  journal = {Ecology Letters}
}

@article{Brokaw2000,
  doi = {10.1016/s0378-1127(99)00141-3},
  year = 2000,
  publisher = {Elsevier {BV}},
  volume = {129},
  number = {1-3},
  pages = {89--91},
  author = {Nicholas Brokaw and Jill Thompson},
  title = {The H for {DBH}},
  journal = {Forest Ecology and Management}
}
  
@Book{Kershaw2017,
 author = {Kershaw, John},
 title = {Forest mensuration},
 publisher = {Wiley/Blackwell},
 year = {2017},
 address = {Chichester, UK Hoboken, NJ},
 isbn = {9781118902035}
 }

@article{Kozak1969,
  doi = {10.5558/tfc45278-4},
  year = 1969,
  publisher = {Canadian Institute of Forestry},
  volume = {45},
  number = {4},
  pages = {278--283},
  author = {A. Kozak and D. D. Munro and J. H. G. Smith},
  title = {Taper Functions and their Application in Forest Inventory},
  journal = {The Forestry Chronicle}
}

@article{MacFarlane2016,
  doi = {10.1139/cjfr-2016-0018},
  year = 2016,
  publisher = {Canadian Science Publishing},
  volume = {46},
  number = {6},
  pages = {804--815},
  author = {David W. MacFarlane and Aaron R. Weiskittel},
  title = {A new method for capturing stem taper variation for trees of diverse morphological types},
  journal = {Canadian Journal of Forest Research}
}

@article{Luoma2019,
  doi = {10.3390/f10050382},
  year = 2019,
  publisher = {{MDPI} {AG}},
  volume = {10},
  number = {5},
  pages = {382},
  author = {Ville Luoma and Ninni Saarinen and Ville Kankare and Topi
            Tanhuanp\"{a}\"{a} and Harri Kaartinen and Antero Kukko and Markus
            Holopainen and Juha Hyypp\"{a} and Mikko Vastaranta},
  title = {Examining Changes in Stem Taper and Volume Growth with Two-Date 3D Point Clouds},
  journal = {Forests}
}

@article{Schepaschenko2019,
  doi = {10.1038/s41597-019-0196-1},
  year = 2019,
  publisher = {Springer Science and Business Media {LLC}},
  volume = {6},
  number = {1},
  author = {Dmitry Schepaschenko and J{\'{e}}r{\^{o}}me Chave and Oliver L. Phillips and Simon L. Lewis and Stuart J. Davies and Maxime R{\'{e}}jou-M{\'{e}}chain and Plinio Sist and Klaus Scipal and Christoph Perger and Bruno Herault and Nicolas Labri{\`{e}}re and Florian Hofhansl and Kofi Affum-Baffoe and Alexei Aleinikov and Alfonso Alonso and Christian Amani and Alejandro Araujo-Murakami and John Armston and Luzmila Arroyo and Nataly Ascarrunz and Celso Azevedo and Timothy Baker and Radomir Ba{\l}azy and Caroline Bedeau and Nicholas Berry and Andrii M. Bilous and Svitlana Yu. Bilous and Pulch{\'{e}}rie Bissiengou and Lilian Blanc and Kapitolina S. Bobkova and Tatyana Braslavskaya and Roel Brienen and David F. R. P. Burslem and Richard Condit and Aida Cuni-Sanchez and Dilshad Danilina and Dennis del Castillo Torres and G{\'{e}}raldine Derroire and Laurent Descroix and Eleneide Doff Sotta and Marcus V. N. d'Oliveira and Christopher Dresel and Terry Erwin and Mikhail D. Evdokimenko and Jan Falck and Ted R. Feldpausch and Ernest G. Foli and Robin Foster and Steffen Fritz and Antonio Damian Garcia-Abril and Aleksey Gornov and Maria Gornova and Ernest Gothard-Bass{\'{e}}b{\'{e}} and Sylvie Gourlet-Fleury and Marcelino Guedes and Keith C. Hamer and Farida Herry Susanty and Niro Higuchi and Eur{\'{\i}}dice N. Honorio Coronado and Wannes Hubau and Stephen Hubbell and Ulrik Ilstedt and Viktor V. Ivanov and Milton Kanashiro and Anders Karlsson and Viktor N. Karminov and Timothy Killeen and Jean-Claude Konan Koffi and Maria Konovalova and Florian Kraxner and Jan Krejza and Haruni Krisnawati and Leonid V. Krivobokov and Mikhail A. Kuznetsov and Ivan Lakyda and Petro I. Lakyda and Juan Carlos Licona and Richard M. Lucas and Natalia Lukina and Daniel Lussetti and Yadvinder Malhi and Jos{\'{e}} Antonio Manzanera and Beatriz Marimon and Ben Hur Marimon Junior and Rodolfo Vasquez Martinez and Olga V. Martynenko and Maksym Matsala and Raisa K. Matyashuk and Lucas Mazzei and Herv{\'{e}} Memiaghe and Casimiro Mendoza and Abel Monteagudo Mendoza and Olga V. Moroziuk and Liudmila Mukhortova and Samsudin Musa and Dina I. Nazimova and Toshinori Okuda and Luis Claudio Oliveira and Petr V. Ontikov and Andrey F. Osipov and Stephan Pietsch and Maureen Playfair and John Poulsen and Vladimir G. Radchenko and Kenneth Rodney and Andes H. Rozak and Ademir Ruschel and Ervan Rutishauser and Linda See and Maria Shchepashchenko and Nikolay Shevchenko and Anatoly Shvidenko and Marcos Silveira and James Singh and Bonaventure Sonk{\'{e}} and Cintia Souza and Krzysztof Stere{\'{n}}czak and Leonid Stonozhenko and Martin J P Sullivan and Justyna Szatniewska and Hermann Taedoumg and Hans ter Steege and Elena Tikhonova and Marisol Toledo and Olga V. Trefilova and Ruben Valbuena and Luis Valenzuela Gamarra and Sergey Vasiliev and Estella F. Vedrova and Sergey V. Verhovets and Edson Vidal and Nadezhda A. Vladimirova and Jason Vleminckx and Vincent A. Vos and Foma K. Vozmitel and Wolfgang Wanek and Thales A. P. West and Hannsjorg Woell and John T. Woods and Verginia Wortel and Toshihiro Yamada and Zamah Shari Nur Hajar and Iri{\'{e}} Casimir Zo-Bi},
  title = {The Forest Observation System, building a global reference dataset for remote sensing of forest biomass},
  journal = {Scientific Data}
}

@article{Chave2005,
  doi = {10.1007/s00442-005-0100-x},
  url = {https://doi.org/10.1007%2Fs00442-005-0100-x},
  year = 2005,
  month = {jun},
  publisher = {Springer Science and Business Media {LLC}},
  volume = {145},
  number = {1},
  pages = {87--99},
  author = {J. Chave and C. Andalo and S. Brown and M. A. Cairns and J. Q.
            Chambers and D. Eamus and H. F\"{o}lster and F. Fromard and N. Higuchi and T. Kira and J.-P. Lescure and B. W. Nelson and H. Ogawa and H. Puig and B. Ri{\'{e}}ra and T. Yamakura},
  title = {Tree allometry and improved estimation of carbon stocks and balance in tropical forests},
  journal = {Oecologia}
}

@article{Thies2004,
  doi = {10.1080/02827580410019562},
  year = 2004,
  publisher = {Informa {UK} Limited},
  volume = {19},
  number = {6},
  pages = {571--581},
  author = {Michael Thies and Norbert Pfeifer and Daniel Winterhalder and Ben G. H. Gorte},
  title = {Three-dimensional reconstruction of stems for assessment of taper, sweep and lean based on laser scanning of standing trees},
  journal = {Scandinavian Journal of Forest Research}
}

@article{Henning2006,
  author = {Henning, J. G. and Radtke, P. J.},
  title = {Detailed stem measurements of standing trees from ground-based
           scanning LiDAR},
  year = 2006,
  journal = {Forest Science},
  volume = {52},
  number = {1},
  pages = {67--80},
  DOI = { http://dx.doi.org/10.1093/forestscience/52.1.67 }
}

@article{Lutz2018,
  doi = {10.1111/geb.12747},
  year = 2018,
  publisher = {Wiley},
  volume = {27},
  number = {7},
  pages = {849--864},
  author = {James A. Lutz and Tucker J. Furniss and Daniel J. Johnson and Stuart J. Davies and David Allen and Alfonso Alonso and Kristina J. Anderson-Teixeira and Ana Andrade and Jennifer Baltzer and Kendall M. L. Becker and Erika M. Blomdahl and Norman A. Bourg and Sarayudh Bunyavejchewin and David F. R. P. Burslem and C. Alina Cansler and Ke Cao and Min Cao and Dairon C{\'{a}}rdenas and Li-Wan Chang and Kuo-Jung Chao and Wei-Chun Chao and Jyh-Min Chiang and Chengjin Chu and George B. Chuyong and Keith Clay and Richard Condit and Susan Cordell and Handanakere S. Dattaraja and Alvaro Duque and Corneille E. N. Ewango and Gunter A. Fischer and Christine Fletcher and James A. Freund and Christian Giardina and Sara J. Germain and Gregory S. Gilbert and Zhanqing Hao and Terese Hart and Billy C. H. Hau and Fangliang He and Andrew Hector and Robert W. Howe and Chang-Fu Hsieh and Yue-Hua Hu and Stephen P. Hubbell and Faith M. Inman-Narahari and Akira Itoh and David Jan{\'{\i}}k and Abdul Rahman Kassim and David Kenfack and Lisa Korte and Kamil Kr{\'{a}}l and Andrew J. Larson and YiDe Li and Yiching Lin and Shirong Liu and Shawn Lum and Keping Ma and Jean-Remy Makana and Yadvinder Malhi and Sean M. McMahon and William J. McShea and Herv{\'{e}} R. Memiaghe and Xiangcheng Mi and Michael Morecroft and Paul M. Musili and Jonathan A. Myers and Vojtech Novotny and Alexandre de Oliveira and Perry Ong and David A. Orwig and Rebecca Ostertag and Geoffrey G. Parker and Rajit Patankar and Richard P. Phillips and Glen Reynolds and Lawren Sack and Guo-Zhang M. Song and Sheng-Hsin Su and Raman Sukumar and I-Fang Sun and Hebbalalu S. Suresh and Mark E. Swanson and Sylvester Tan and Duncan W. Thomas and Jill Thompson and Maria Uriarte and Renato Valencia and Alberto Vicentini and Tom{\'{a}}{\v{s}} Vr{\v{s}}ka and Xugao Wang and George D. Weiblen and Amy Wolf and Shu-Hui Wu and Han Xu and Takuo Yamakura and Sandra Yap and Jess K. Zimmerman},
  title = {Global importance of large-diameter trees},
  journal = {Global Ecology and Biogeography}
}

@article{Roxburgh2015,
  doi = {10.1890/es14-00251.1},
  year = 2015,
  publisher = {Wiley},
  volume = {6},
  number = {3},
  pages = {art38},
  author = {S. H. Roxburgh and K. I. Paul and D. Clifford and J. R. England and R. J. Raison},
  title = {Guidelines for constructing allometric models for the prediction of woody biomass: How many individuals to harvest?},
  journal = {Ecosphere}
}

@article{Blicharska2014,
  doi = {10.1111/cobi.12341},
  year = 2014,
  publisher = {Wiley},
  volume = {28},
  number = {6},
  pages = {1558--1567},
  author = {Blicharska, M. and Mikusi{\'{n}}ski, G.},
  title = {Incorporating Social and Cultural Significance of Large Old Trees in Conservation Policy},
  journal = {Conservation Biology}
}

@article{Lindenmayer2012,
  doi = {10.1126/science.1231070},
  year = 2012,
  publisher = {American Association for the Advancement of Science ({AAAS})},
  volume = {338},
  number = {6112},
  pages = {1305--1306},
  author = {D. B. Lindenmayer and W. F. Laurance and J. F. Franklin},
  title = {Global Decline in Large Old Trees},
  journal = {Science}
}

@article{Xiao2019,
  doi = {10.1016/j.rse.2019.111383},
  year = 2019,
  publisher = {Elsevier {BV}},
  volume = {233},
  pages = {111383},
  author = {Jingfeng Xiao and Frederic Chevallier and Cecile Gomez and Luis Guanter and Jeffrey A. Hicke and Alfredo R. Huete and Kazuhito Ichii and Wenjian Ni and Yong Pang and Abdullah F. Rahman and Guoqing Sun and Wenping Yuan and Li Zhang and Xiaoyang Zhang},
  title = {Remote sensing of the terrestrial carbon cycle: A review of advances over 50 years},
  journal = {Remote Sensing of Environment}
}

@article{Saarinen2019,
  doi = {10.3390/f10100848},
  year = 2019,
  publisher = {{MDPI} {AG}},
  volume = {10},
  number = {10},
  pages = {848},
  author = {Ninni Saarinen and Ville Kankare and Jiri Py\"{o}r\"{a}l\"{a} and
            Tuomas Yrttimaa and Xinlian Liang and Michael A. Wulder and Markus
            Holopainen and Juha Hyypp\"{a} and Mikko Vastaranta},
  title = {Assessing the Effects of Sample Size on Parametrizing a Taper Curve Equation and the Resultant Stem-Volume Estimates},
  journal = {Forests}
}

@article{AbelleiraMartinez2016,
  doi = {10.1002/ece3.2201},
  year = 2016,
  publisher = {Wiley},
  volume = {6},
  number = {13},
  pages = {4359--4371},
  author = {Oscar J. Abelleira Mart{\'{i}}nez and Alexander K. Fremier and Sven
            G\"{u}nter and Zayra Ramos Benda{\~{n}}a and Lee Vierling and Sara
            M. Galbraith and Nilsa A. Bosque-P{\'{e}}rez and Jenny C. Ordo{\~{n}}ez},
  title = {Scaling up functional traits for ecosystem services with remote sensing: concepts and methods},
  journal = {Ecology and Evolution}
}

@article{RejouMechain2019,
  doi = {10.1007/s10712-019-09532-0},
  year = 2019,
  publisher = {Springer Science and Business Media {LLC}},
  volume = {40},
  number = {4},
  pages = {881--911},
  author = {Maxime R{\'{e}}jou-M{\'{e}}chain and Nicolas Barbier and Pierre
            Couteron and Pierre Ploton and Gr{\'{e}}goire Vincent and Martin
            Herold and St{\'{e}}phane Mermoz and Sassan Saatchi and
            J{\'{e}}r{\^{o}}me Chave and Florian de Boissieu and Jean-Baptiste
            F{\'{e}}ret and St{\'{e}}phane Momo Takoudjou and Rapha\"{e}l P{\'{e}}lissier},
  title = {Upscaling Forest Biomass from Field to Satellite Measurements: Sources of Errors and Ways to Reduce Them},
  journal = {Surveys in Geophysics}
}

@article{Fischer2020,
  doi = {10.1016/j.rse.2020.112056},
  year = 2020,
  publisher = {Elsevier {BV}},
  volume = {251},
  pages = {112056},
  author = {Fischer, F. J. and Labri{\`{e}}re, N. and Vincent, G. and
            H{\'{e}}rault, B. and Alonso, A. and Memiaghe, H, and Bissiengou, P.
            and Kenfack, D. and Saatchi, S. and Chave, J.},
  title = {A simulation method to infer tree allometry and forest structure from airborne laser scanning and forest inventories},
  journal = {Remote Sensing of Environment}
}

@article{Lindenmayer2016,
  doi = {10.1111/brv.12290},
  year = 2016,
  publisher = {Wiley},
  volume = {92},
  number = {3},
  pages = {1434--1458},
  author = {David B. Lindenmayer and William F. Laurance},
  title = {The ecology, distribution, conservation and management of large old trees},
  journal = {Biological Reviews}
}

@article{Ruxton2014,
  doi = {10.1098/rsbl.2014.0555},
  year = 2014,
  publisher = {The Royal Society},
  volume = {10},
  number = {11},
  pages = {20140555},
  author = {Graeme D. Ruxton},
  title = {Why are so many trees hollow?},
  journal = {Biology Letters}
}

@article{Burt2018,
  doi = {10.1111/2041-210x.13121},
  year = 2018,
  publisher = {Wiley},
  author = {Andrew Burt and Mathias Disney and Kim Calders},
  editor = {Sarah Goslee},
  title = {Extracting individual trees from lidar point clouds using
                treeseg},
  journal = {Methods in Ecology and Evolution}
}

@article{Koma2018,
  doi = {10.1109/lgrs.2018.2841429},
  year = 2018,
  publisher = {Institute of Electrical and Electronics Engineers ({IEEE})},
  volume = {15},
  number = {9},
  pages = {1456--1460},
  author = {Zs. Koma and M. Rutzinger and M. Bremer},
  title = {Automated Segmentation of Leaves From Deciduous Trees in Terrestrial Laser Scanning Point Clouds},
  journal = {{IEEE} Geoscience and Remote Sensing Letters}
}

@article{Malhi2018,
  doi = {10.1098/rsfs.2017.0052},
  year = 2018,
  publisher = {The Royal Society},
  volume = {8},
  number = {2},
  pages = {20170052},
  author = {Yadvinder Malhi and Tobias Jackson and Lisa Patrick Bentley and Alvaro Lau and Alexander Shenkin and Martin Herold and Kim Calders and Harm Bartholomeus and Mathias I. Disney},
  title = {New perspectives on the ecology of tree structure and tree communities through terrestrial laser scanning},
  journal = {Interface Focus}
}

@article{Calders2014,
  doi = {10.1111/2041-210x.12301},
  year = 2014,
  publisher = {Wiley},
  volume = {6},
  number = {2},
  pages = {198--208},
  author = {Kim Calders and Glenn Newnham and Andrew Burt and Simon Murphy and Pasi Raumonen and Martin Herold and Darius Culvenor and Valerio Avitabile and Mathias Disney and John Armston and Mikko Kaasalainen},
  editor = {Sean McMahon},
  title = {Nondestructive estimates of above-ground biomass using terrestrial laser scanning},
  journal = {Methods in Ecology and Evolution}
}

@article{Gilbert2016,
  doi = {10.3732/apps.1600060},
  year = 2016,
  publisher = {Wiley},
  volume = {4},
  number = {12},
  pages = {1600060},
  author = {Gregory S. Gilbert and Javier O. Ballesteros and Cesar A. Barrios-Rodriguez and Ernesto F. Bonadies and Marjorie L. Cede{\~{n}}o-S{\'{a}}nchez and Nohely J. Fossatti-Caballero and Mariam M. Trejos-Rodr{\'{\i}}guez and Jos{\'{e}} Moises P{\'{e}}rez-Su{\~{n}}iga and Katharine S. Holub-Young and Laura A. W. Henn and Jennifer B. Thompson and Cesar G. Garc{\'{\i}}a-L{\'{o}}pez and Amanda C. Romo and Daniel C. Johnston and Pablo P. Barrick and Fulvia A. Jordan and Shiran Hershcovich and Natalie Russo and Juan David S{\'{a}}nchez and Juan Pablo F{\'{a}}brega and Raleigh Lumpkin and Hunter A. McWilliams and Kathleen N. Chester and Alana C. Burgos and E. Beatriz Wong and Jonathan H. Diab and Sonia A. Renteria and Jennifer T. Harrower and Douglas A. Hooton and Travis C. Glenn and Brant C. Faircloth and Stephen P. Hubbell},
  title = {Use of Sonic Tomography to Detect and Quantify Wood Decay in Living Trees},
  journal = {Applications in Plant Sciences}
}

@article{Karlinasari2018,
  doi = {10.1088/1755-1315/203/1/012030},
  year = 2018,
  publisher = {{IOP} Publishing},
  volume = {203},
  pages = {012030},
  author = {L Karlinasari and A T Lestari and M Y S Nababan and I Z Siregar and D Nandika},
  title = {Assessment of urban tree condition using sonic tomography technology},
  journal = {{IOP} Conference Series: Earth and Environmental Science}
}

@article{LopezGonzalez2011,
  doi = {10.1111/j.1654-1103.2011.01312.x},
  year = 2011,
  publisher = {Wiley},
  volume = {22},
  number = {4},
  pages = {610--613},
  author = {Gabriela Lopez-Gonzalez and Simon L. Lewis and Mark Burkitt and Oliver L. Phillips},
  title = {{ForestPlots}.net: a web application and research tool to manage and analyse tropical forest plot data},
  journal = {Journal of Vegetation Science}
}

@manual{Picus2016,
  title={{PiCUS} tree tomogrpahy methods at a glance},
  author={{Argus Electronic GmbH}},
  publisher={Argus Electronic GmbH},
  address = {Rostock, Germany},
  year= 2016
}

@article{Marra2018,
  doi = {10.1088/1748-9326/aae2bf},
  year = 2018,
  publisher = {{IOP} Publishing},
  volume = {13},
  number = {10},
  pages = {105004},
  author = {Robert E Marra and Nicholas J Brazee and Shawn Fraver},
  title = {Estimating carbon loss due to internal decay in living trees using tomography: implications for forest carbon budgets},
  journal = {Environmental Research Letters}
}

@article{Ryan2011,
  doi = {10.1111/j.1744-7429.2010.00713.x},
  year = 2011,
  publisher = {Wiley},
  volume = {43},
  number = {4},
  pages = {423--432},
  author = {Casey M. Ryan and Mathew Williams and John Grace},
  title = {Above- and Belowground Carbon Stocks in a Miombo Woodland Landscape of Mozambique},
  journal = {Biotropica}
}

@article{Goodman2014,
  doi = {10.1890/13-0070.1},
  year = 2014,
  publisher = {Wiley},
  volume = {24},
  number = {4},
  pages = {680--698},
  author = {Rosa C. Goodman and Oliver L. Phillips and Timothy R. Baker},
  title = {The importance of crown dimensions to improve tropical tree biomass estimates},
  journal = {Ecological Applications}
}

@article{Saglam2020,
  doi = {10.1007/s10661-020-08386-z},
  year = 2020,
  publisher = {Springer Science and Business Media {LLC}},
  volume = {192},
  number = {7},
  author = {Serhun Saglam and Emrah Ozdemir and Ulas Yunus Ozkan and Tufan Demirel and Ender Makineci},
  title = {Biomass estimation of aboveground tree components for Turkey oak (Quercus cerris L.) in south-eastern Turkey},
  journal = {Environmental Monitoring and Assessment}
}

@article{Feldpausch2011,
  doi = {10.5194/bg-8-1081-2011},
  year = 2011,
  publisher = {Copernicus {GmbH}},
  volume = {8},
  number = {5},
  pages = {1081--1106},
  author = {T. R. Feldpausch and L. Banin and O. L. Phillips and T. R. Baker and S. L. Lewis and C. A. Quesada and K. Affum-Baffoe and E. J. M. M. Arets and N. J. Berry and M. Bird and E. S. Brondizio and P. de Camargo and J. Chave and G. Djagbletey and T. F. Domingues and M. Drescher and P. M. Fearnside and M. B. Fran{\c{c}}a and N. M. Fyllas and G. Lopez-Gonzalez and A. Hladik and N. Higuchi and M. O. Hunter and Y. Iida and K. A. Salim and A. R. Kassim and M. Keller and J. Kemp and D. A. King and J. C. Lovett and B. S. Marimon and B. H. Marimon-Junior and E. Lenza and A. R. Marshall and D. J. Metcalfe and E. T. A. Mitchard and E. F. Moran and B. W. Nelson and R. Nilus and E. M. Nogueira and M. Palace and S. Pati{\~{n}}o and K. S.-H. Peh and M. T. Raventos and J. M. Reitsma and G. Saiz and F. Schrodt and B. Sonk{\'{e}} and H. E. Taedoumg and S. Tan and L. White and H. Wöll and J. Lloyd},
  title = {Height-diameter allometry of tropical forest trees},
  journal = {Biogeosciences}
}

@article{Chave2004,
  doi = {10.1098/rstb.2003.1425},
  year = 2004,
  publisher = {The Royal Society},
  volume = {359},
  number = {1443},
  pages = {409--420},
  author = {Jerome Chave and Richard Condit and Salomon Aguilar and Andres Hernandez and Suzanne Lao and Rolando Perez},
  editor = {Y. Malhi and O. L. Phillips},
  title = {Error propagation and scaling for tropical forest biomass estimates},
  journal = {Philosophical Transactions of the Royal Society of London. Series B: Biological Sciences}
}

@article{Takoudjou2017,
  doi = {10.1111/2041-210x.12933},
  year = 2017,
  publisher = {Wiley},
  volume = {9},
  number = {4},
  pages = {905--916},
  author = {St{\'{e}}phane Momo Takoudjou and Pierre Ploton and Bonaventure Sonk{\'{e}} and Jan Hackenberg and S{\'{e}}bastien Griffon and Francois Coligny and Narcisse Guy Kamdem and Moses Libalah and Gislain II Mofack and Gilles Le Mogu{\'{e}}dec and Raphaël P{\'{e}}lissier and Nicolas Barbier},
  editor = {Sean McMahon},
  title = {Using terrestrial laser scanning data to estimate large tropical trees biomass and calibrate allometric models: A comparison with traditional destructive approach},
  journal = {Methods in Ecology and Evolution}
}

@article{Bastin2015,
  doi = {10.1038/srep13156},
  year = 2015,
  publisher = {Springer Science and Business Media {LLC}},
  volume = {5},
  number = {1},
  author = {J.-F. Bastin and N. Barbier and M. R{\'{e}}jou-M{\'{e}}chain and A. Fayolle and S. Gourlet-Fleury and D. Maniatis and T. de Haulleville and F. Baya and H. Beeckman and D. Beina and P. Couteron and G. Chuyong and G. Dauby and J.-L. Doucet and V. Droissart and M. Dufr{\^{e}}ne and C. Ewango and J.F. Gillet and C.H. Gonmadje and T. Hart and T. Kavali and D. Kenfack and M. Libalah and Y. Malhi and J.-R. Makana and R. P{\'{e}}lissier and P. Ploton and A. Serckx and B. Sonk{\'{e}} and T. Stevart and D.W. Thomas and C. De Canni{\`{e}}re and J. Bogaert},
  title = {Seeing Central African forests through their largest trees},
  journal = {Scientific Reports}
}

@article{Chambers2001,
  doi = {10.1016/s0378-1127(00)00591-0},
  year = 2001,
  publisher = {Elsevier {BV}},
  volume = {152},
  number = {1-3},
  pages = {73--84},
  author = {Jeffrey Q Chambers and Joaquim dos Santos and Ralfh J Ribeiro and Niro Higuchi},
  title = {Tree damage, allometric relationships, and above-ground net primary production in central Amazon forest},
  journal = {Forest Ecology and Management}
}

@article{Henry2013,
  doi = {10.3832/ifor0901-006},
  year = 2013,
  publisher = {Italian Society of Sivilculture and Forest Ecology ({SISEF})},
  volume = {6},
  number = {6},
  pages = {326--330},
  author = {M Henry and A Bombelli and C Trotta and A Alessandrini and L Birigazzi and G Sola and G Vieilledent and P Santenoise and F Longuetaud and R Valentini and N Picard and L Saint-Andr{\'{e}}},
  title = {{GlobAllomeTree}: international platform for tree allometric equations to support volume, biomass and carbon assessment},
  journal = {{iForest} - Biogeosciences and Forestry}
}

@article{McNicol2015,
  doi = {10.1016/j.foreco.2015.07.029},
  year = 2015,
  publisher = {Elsevier {BV}},
  volume = {357},
  pages = {104--116},
  author = {Iain M. McNicol and Nicholas J. Berry and Thilde Bech Bruun and Kristell Hergoualc'h and Ole Mertz and Andreas de Neergaard and Casey M. Ryan},
  title = {Development of allometric models for above and belowground biomass in swidden cultivation fallows of Northern Laos},
  journal = {Forest Ecology and Management}
}

@article{Hoffmann2012,
  doi = {10.1111/j.1461-0248.2012.01789.x},
  year = 2012,
  publisher = {Wiley},
  volume = {15},
  number = {7},
  pages = {759--768},
  author = {William A. Hoffmann and Erika L. Geiger and Sybil G. Gotsch and Davi R. Rossatto and Lucas C. R. Silva and On Lee Lau and M. Haridasan and Augusto C. Franco},
  editor = {Francisco Lloret},
  title = {Ecological thresholds at the savanna-forest boundary: how plant traits, resources and fire govern the distribution of tropical biomes},
  journal = {Ecology Letters}
}

@article{Kozak1993,
  doi = {10.5558/tfc69438-4},
  year = 1993,
  publisher = {Canadian Institute of Forestry},
  volume = {69},
  number = {4},
  pages = {438--444},
  author = {A. Kozak and J. H. G. Smith},
  title = {Standards for evaluating taper estimating systems},
  journal = {The Forestry Chronicle}
}

@article{Picard2015,
  doi = {10.1016/j.foreco.2015.05.035},
  year = 2015,
  publisher = {Elsevier {BV}},
  volume = {353},
  pages = {156--163},
  author = {Nicolas Picard and Ervan Rutishauser and Pierre Ploton and Alfred Ngomanda and Matieu Henry},
  title = {Should tree biomass allometry be restricted to power models?},
  journal = {Forest Ecology and Management}
}

@book{Solbrig1996,
  author = {Solbrig, O. T. and Medina, E. and Silva, J. F.},
  title = {Biodiversity and Savanna Ecosystem Processes},
  year = 1996,
  publisher = {Springer-Verlag},
  address = {Berlin, Germany}
}

@article{Stevens2017,
  doi = {10.1111/gcb.13409},
  year = 2017,
  publisher = {Wiley},
  volume = {23},
  number = {1},
  pages = {235--244},
  author = {Nicola Stevens and Caroline E. R. Lehmann and Brett P. Murphy and Giselda Durigan},
  title = {Savanna woody encroachment is widespread across three continents}
}
@article{Case2016,
  doi = {10.1111/1365-2664.12805},
  year = 2016,
  publisher = {Wiley},
  volume = {54},
  number = {3},
  pages = {955--962},
  author = {Madelon F. Case and A. Carla Staver},
  editor = {Jeremy James},
  title = {Fire prevents woody encroachment only at higher-than-historical frequencies in a South African savanna}
}
@article{Hirota2011,
  doi = {10.1126/science.1210657},
  year = 2011,
  publisher = {American Association for the Advancement of Science ({AAAS})},
  volume = {334},
  number = {6053},
  pages = {232--235},
  author = {M. Hirota and M. Holmgren and E. H. Van Nes and M. Scheffer},
  title = {Global Resilience of Tropical Forest and Savanna to Critical Transitions}
}
@article{Cooper2017,
  doi = {10.3390/rs9060531},
  year = 2017,
  publisher = {{MDPI} {AG}},
  volume = {9},
  number = {6},
  pages = {531},
  author = {Sam Cooper and David Roy and Crystal Schaaf and Ian Paynter},
  title = {Examination of the Potential of Terrestrial Laser Scanning and Structure-from-Motion Photogrammetry for Rapid Nondestructive Field Measurement of Grass Biomass}
}
@article{Pilon2020,
  doi = {10.1111/jvs.12959},
  year = 2020,
  publisher = {Wiley},
  volume = {32},
  number = {1},
  author = {Natashi A. L. Pilon and Giselda Durigan and Jess Rickenback and R. Toby Pennington and Kyle G. Dexter and William A. Hoffmann and Rodolfo C. R. Abreu and Caroline E. R. Lehmann},
  editor = {Francisco Pugnaire},
  title = {Shade alters savanna grass layer structure and function along a gradient of canopy cover}
}

@inbook{Frost1996,
  address = {Bogor, Indonesia},
  author = {Frost, P.},
  year = 1996,
  booktitle = {The miombo in transition: woodlands and welfare in Africa},
  editor = {Campbell, B.M.},
  pages = {11--55},
  publisher = {Center for International Forestry Research},
  title = {The ecology of miombo woodlands}
}

@article{Case2020,
  doi = {10.2989/10220119.2019.1697363},
  year = 2020,
  publisher = {National Inquiry Services Center ({NISC})},
  volume = {37},
  number = {1},
  pages = {19--29},
  author = {Madelon F Case and Benjamin J Wigley and Corli Wigley-Coetsee and A Carla Staver},
  title = {Could drought constrain woody encroachers in savannas?}
}
@article{Colgan2012,
  doi = {10.5194/bg-9-1809-2012},
  year = 2012,
  publisher = {Copernicus {GmbH}},
  volume = {9},
  number = {5},
  pages = {1809--1821},
  author = {M. S. Colgan and G. P. Asner and S. R. Levick and R. E. Martin and O. A. Chadwick},
  title = {Topo-edaphic controls over woody plant biomass in South African savannas}
}

@article{Staver2011,
  doi = {10.1890/10-1684.1},
  year = 2011,
  publisher = {Wiley},
  volume = {92},
  number = {5},
  pages = {1063--1072},
  author = {A. Carla Staver and Sally Archibald and Simon Levin},
  title = {Tree cover in sub-Saharan Africa: Rainfall and fire constrain forest and savanna as alternative stable states}
}

@article{Sankaran2005,
  author = {Sankaran, M. and Hanan, N. P. and Scholes, R. J. and Ratnam, J. and Augustine, D. J. and Cade, B. S. and Gignoux, J. and Higgins, S. I. and {Le Roux}, X. and Ludwig, F. and Ardo, J. and Banyikwa, F. and Bronn, A. and Bucini, G. and Caylor, K. K. and Coughenour, M. B. and Diouf, A. and Ekaya, W. and Feral, C. J. and February, E. C. and Frost, P. G. H. and Hiernaux, P. and Hrabar, H. and Metzger, K. L. and Prins, H. H. T. and Ringrose, S. and Sea, W. and Tews, J. and Worden, J. and Zambatis, N.},
  title = {Determinants of woody cover in {African} savannas},
  year = 2005,
  journal = {Nature},
  volume = {438},
  number = {8},
  pages = {846--849},
  DOI = { http://dx.doi.org/10.1038/nature04070 }
}
@article{Devine2017,
  doi = {10.1007/s00442-017-3807-6},
  year = 2017,
  publisher = {Springer Science and Business Media {LLC}},
  volume = {183},
  number = {4},
  pages = {939--951},
  author = {Aisling P. Devine and Robbie A. McDonald and Tristan Quaife and Ilya M. D. Maclean},
  title = {Determinants of woody encroachment and cover in African savannas}
}
@article{Umbach2003,
  doi = {10.1109/tim.2003.820472},
  url = {https://doi.org/10.1109/tim.2003.820472},
  year = {2003},
  month = dec,
  publisher = {Institute of Electrical and Electronics Engineers ({IEEE})},
  volume = {52},
  number = {6},
  pages = {1881--1885},
  author = {D. Umbach and K.N. Jones},
  title = {A few methods for fitting circles to data},
  journal = {{IEEE} Transactions on Instrumentation and Measurement}
}
@article{Burt2018,
  doi = {10.1111/2041-210x.13121},
  url = {https://doi.org/10.1111/2041-210x.13121},
  year = {2018},
  month = dec,
  publisher = {Wiley},
  author = {Andrew Burt and Mathias Disney and Kim Calders},
  editor = {Sarah Goslee},
  title = {Extracting individual trees from lidar point clouds using
		            treeseg},
  journal = {Methods in Ecology and Evolution}
}
@article{Jennings1999,
	doi = {10.1093/forestry/72.1.59},
	url = {https://doi.org/10.1093/2Fforestry/2F72.1.59},
	year = 1999,
	month = {jan},
	publisher = {Oxford University Press ({OUP})},
	volume = {72},
	number = {1},
	pages = {59--74},
	author = {S. Jennings},
	title = {Assessing forest canopies and understorey illumination: canopy closure, canopy cover and other measures}
}

